time,price,quantity,source,buyer,seller,initiator
20170814T090136,2.8,1427,Auto trade,PAS,MSI,
20170814T090136,2.8,83573,Auto trade,PAS,MSI,
20170814T090136,2.8,2000,Auto trade,PAS,DDB,
20170814T090136,2.8,1144,Auto trade,PAS,DDB,
20170814T090136,2.8,11856,Auto trade,PAS,NOE,
20170814T090136,2.8,8582,Auto trade,DNM,NOE,
20170814T090136,2.8,420,Auto trade,DNM,AVA,
20170814T090136,2.8,3498,Auto trade,DNM,NON,
20170814T090136,2.8,2216,Auto trade,DNM,NON,
20170814T090136,2.8,7500,Auto trade,DNM,NON,
20170814T090136,2.8,8000,Auto trade,DNM,NON,
20170814T090136,2.8,3715,Auto trade,DNM,SKBN,
20170814T090136,2.8,840,Auto trade,DNM,NON,
20170814T090136,2.8,39905,Auto trade,DNM,SKBN,
20170814T090136,2.8,4000,Auto trade,DNM,NON,
20170814T090136,2.8,20000,Auto trade,DNM,NTF,
20170814T090136,2.8,7555,Auto trade,DNM,NON,
20170814T090136,2.8,35000,Auto trade,DNM,PAS,
20170814T090136,2.8,700,Auto trade,DNM,NON,
20170814T090136,2.8,58000,Auto trade,DNM,NTF,
20170814T090136,2.8,1500,Auto trade,DNM,NON,
20170814T090136,2.8,200000,Auto trade,DNM,DNM,
20170814T090136,2.8,15000,Auto trade,DNM,DNM,
20170814T090136,2.8,5000,Auto trade,DNM,NON,
20170814T090136,2.8,200000,Auto trade,DNM,DNM,
20170814T090136,2.8,17032,Auto trade,DNM,NON,
20170814T090136,2.8,4572,Auto trade,DNM,NON,
20170814T090136,2.8,4400,Auto trade,DNM,NON,
20170814T090136,2.8,22000,Auto trade,DNM,SKBN,
20170814T090136,2.8,24000,Auto trade,DNM,DNM,
20170814T090136,2.8,69065,Auto trade,DNM,DNM,
20170814T090136,2.8,130935,Auto trade,DNM,DNM,
20170814T090136,2.8,13991,Auto trade,DNM,NON,
20170814T090136,2.8,50000,Auto trade,DNM,NTF,
20170814T090136,2.8,4400,Auto trade,DNM,DNM,
20170814T090136,2.8,400000,Auto trade,DNM,DNM,
20170814T090136,2.8,800,Auto trade,DNM,AVA,
20170814T090136,2.8,10000,Auto trade,DNM,NTF,
20170814T090136,2.8,2000,Auto trade,DNM,NTF,
20170814T090136,2.8,15000,Auto trade,DNM,MSI,
20170814T090136,2.8,10000,Auto trade,DNM,NOE,
20170814T090136,2.8,50000,Auto trade,DNM,SKBN,
20170814T090136,2.8,40000,Auto trade,DNM,NON,
20170814T090136,2.8,2000,Auto trade,DNM,NON,
20170814T090136,2.8,270874,Auto trade,DNM,DNM,
20170814T090136,2.8,5000,Auto trade,CAR,MSI,
20170814T090136,2.8,1078,Auto trade,CAR,SKBN,
20170814T090136,2.8,3000,Auto trade,CAR,SKBN,
20170814T090136,2.8,17000,Auto trade,CAR,SB1M,
20170814T090136,2.8,100000,Auto trade,CAR,DNM,
20170814T090136,2.8,50000,Auto trade,CAR,NTF,
20170814T090136,2.8,50000,Auto trade,CAR,NTF,
20170814T090136,2.8,200000,Auto trade,CAR,PAS,
20170814T090136,2.8,73922,Auto trade,CAR,DNM,
20170814T090136,2.8,10000,Auto trade,NYE,DNM,
20170814T090136,2.8,700,Auto trade,NON,DNM,
20170814T090136,2.8,3400,Auto trade,NON,DNM,
20170814T090136,2.8,22950,Auto trade,SKBN,DNM,
20170814T090136,2.8,18154,Auto trade,PAS,DNM,
20170814T090136,2.8,3500,Auto trade,PAS,NTF,
20170814T090136,2.8,50000,Auto trade,PAS,DNM,
20170814T090136,2.8,500,Auto trade,PAS,AVA,
20170814T090136,2.8,7000,Auto trade,PAS,DNM,
20170814T090136,2.8,45846,Auto trade,PAS,DNM,
20170814T090136,2.8,1000,Auto trade,NOE,DNM,
20170814T090136,2.8,13154,Auto trade,DNM,DNM,
20170814T090136,2.8,6846,Auto trade,DNM,SKBN,
20170814T090136,2.8,13154,Auto trade,NON,SKBN,
20170814T090136,2.8,50000,Auto trade,NON,NTF,
20170814T090136,2.8,50000,Auto trade,NON,NTF,
20170814T090136,2.8,17000,Auto trade,NON,NON,
20170814T090136,2.8,169846,Auto trade,NON,DNM,
20170814T090136,2.8,80154,Auto trade,PAS,DNM,
20170814T090136,2.8,5000,Auto trade,PAS,NON,
20170814T090136,2.8,50000,Auto trade,PAS,PAS,
20170814T090136,2.8,58500,Auto trade,PAS,NON,
20170814T090136,2.8,11031,Auto trade,PAS,NON,
20170814T090136,2.8,295315,Auto trade,PAS,NON,
20170814T090136,2.8,100000,Auto trade,PAS,NON,
20170814T090136,2.8,200000,Auto trade,BER,NON,
20170814T090136,2.8,500000,Auto trade,PAS,NON,
20170814T090136,2.8,25000,Auto trade,PAS,NON,
20170814T090136,2.8,20000,Auto trade,NON,NON,
20170814T090136,2.8,8000,Auto trade,DNM,NON,
20170814T090136,2.8,40000,Auto trade,DNM,NON,
20170814T090136,2.8,24561,Auto trade,SKBN,NON,
20170814T090136,2.8,5000,Auto trade,NON,NON,
20170814T090136,2.8,5000,Auto trade,NON,NON,
20170814T090136,2.8,5000,Auto trade,NON,NON,
20170814T090136,2.8,120000,Auto trade,PAS,NON,
20170814T090136,2.8,7000,Auto trade,NTF,NON,
20170814T090136,2.8,200,Auto trade,NTF,NON,
20170814T090136,2.8,5000,Auto trade,NTF,NON,
20170814T090136,2.8,100000,Auto trade,NTF,NON,
20170814T090136,2.8,5750,Auto trade,NTF,NON,
20170814T090136,2.8,900,Auto trade,NTF,NON,
20170814T090136,2.8,5000,Auto trade,NON,NON,
20170814T090136,2.8,17243,Auto trade,NTF,NON,
20170814T090136,2.8,5500,Auto trade,NTF,NTF,
20170814T090136,2.8,2000,Auto trade,NTF,NON,
20170814T090136,2.8,10000,Auto trade,NTF,NOE,
20170814T090136,2.8,50000,Auto trade,NTF,NTF,B
20170814T090136,2.8,15257,Auto trade,NTF,NTF,B
20170814T090136,2.8,9100,Auto trade,DNM,DNM,B
20170814T090136,2.8,34743,Auto trade,NTF,NTF,B
20170814T090136,2.8,15000,Auto trade,NTF,NTF,B
20170814T090136,2.8,20257,Auto trade,NTF,NTF,B
20170814T090136,2.8,29743,Auto trade,NTF,NTF,B
20170814T090136,2.8,15527,Auto trade,NTF,NON,B
20170814T090136,2.8,70900,Auto trade,NTF,DNM,B
20170814T090136,2.8,80000,Auto trade,NTF,DNM,B
20170814T090136,2.8,274,Auto trade,NTF,NON,B
20170814T090136,2.8,50000,Auto trade,NTF,SKBN,B
20170814T090136,2.8,30000,Auto trade,NTF,MSI,B
20170814T090136,2.8,23556,Auto trade,NTF,PAS,B
20170814T090136,2.8,50000,Auto trade,PAS,PAS,
20170814T090136,2.8,7500,Auto trade,NON,PAS,B
20170814T090136,2.8,14234,Auto trade,DNM,PAS,B
20170814T090136,2.8,20000,Auto trade,NOE,PAS,B
20170814T090136,2.8,13928,Auto trade,DNM,PAS,B
20170814T090136,2.8,17500,Auto trade,DNM,PAS,B
20170814T090136,2.8,10000,Auto trade,DNM,PAS,B
20170814T090136,2.8,4000,Auto trade,NON,PAS,B
20170814T090136,2.8,15000,Auto trade,NON,PAS,B
20170814T090136,2.8,50000,Auto trade,SKBN,PAS,B
20170814T090136,2.8,765,Auto trade,NON,PAS,B
20170814T090136,2.8,10000,Auto trade,NOE,PAS,B
20170814T090136,2.8,10000,Auto trade,DNM,PAS,B
20170814T090136,2.8,10000,Auto trade,NON,PAS,B
20170814T090136,2.79,1109,Auto trade,NON,NON,S
20170814T090136,2.79,800,Auto trade,NON,SKBN,S
20170814T090137,2.79,700,Auto trade,NON,NON,S
20170814T090137,2.79,22000,Auto trade,NON,NON,S
20170814T090137,2.8,6700,Auto trade,NON,PAS,B
20170814T090138,2.79,100,Auto trade,NON,PAS,S
20170814T090138,2.79,100,Auto trade,NON,PAS,S
20170814T090138,2.79,100,Auto trade,NON,PAS,S
20170814T090138,2.79,100,Auto trade,NON,PAS,S
20170814T090138,2.79,100,Auto trade,NON,PAS,S
20170814T090139,2.79,100,Auto trade,NON,PAS,S
20170814T090141,2.79,9791,Auto trade,NON,NTF,S
20170814T090141,2.79,50000,Auto trade,NON,NTF,S
20170814T090141,2.79,10000,Auto trade,XTX,NTF,S
20170814T090141,2.79,7560,Auto trade,DNM,NTF,S
20170814T090141,2.79,9700,Auto trade,MSI,NTF,S
20170814T090141,2.79,9100,Auto trade,MSI,NTF,S
20170814T090142,2.79,500,Auto trade,PAS,NTF,B
20170814T090142,2.79,3349,Auto trade,PAS,NTF,B
20170814T090142,2.79,10000,Auto trade,PAS,XTX,B
20170814T090142,2.79,6892,Auto trade,PAS,XTX,B
20170814T090142,2.8,479759,Auto trade,PAS,PAS,B
20170814T090143,2.78,100,Auto trade,XTX,PAS,S
20170814T090144,2.78,100,Auto trade,XTX,PAS,S
20170814T090144,2.78,100,Auto trade,XTX,PAS,S
20170814T090145,2.79,100,Auto trade,PAS,PAS,B
20170814T090145,2.79,100,Auto trade,PAS,PAS,B
20170814T090145,2.79,300,Auto trade,PAS,XTX,B
20170814T090146,2.78,100,Auto trade,XTX,PAS,S
20170814T090146,2.78,100,Auto trade,XTX,PAS,S
20170814T090147,2.79,100,Auto trade,DNM,XTX,B
20170814T090147,2.79,100,Auto trade,DNM,PAS,B
20170814T090147,2.79,100,Auto trade,DNM,PAS,B
20170814T090147,2.79,100,Auto trade,DNM,PAS,B
20170814T090147,2.79,100,Auto trade,NON,XTX,B
20170814T090147,2.79,100,Auto trade,NON,PAS,B
20170814T090147,2.8,7058,Auto trade,NON,PAS,B
20170814T090147,2.8,10000,Auto trade,NON,XTX,B
20170814T090147,2.8,3742,Auto trade,NON,PAS,B
20170814T090147,2.78,100,Auto trade,XTX,PAS,S
20170814T090148,2.79,100,Auto trade,NON,PAS,S
20170814T090148,2.79,100,Auto trade,NON,PAS,S
20170814T090148,2.79,100,Auto trade,NON,PAS,S
20170814T090148,2.79,100,Auto trade,NON,PAS,S
20170814T090149,2.79,100,Auto trade,NON,PAS,S
20170814T090149,2.79,100,Auto trade,NON,PAS,S
20170814T090149,2.8,1000,Auto trade,NON,PAS,B
20170814T090149,2.79,100,Auto trade,NON,PAS,S
20170814T090149,2.79,100,Auto trade,NON,PAS,S
20170814T090150,2.79,200,Auto trade,NON,NON,S
20170814T090150,2.79,1000,Auto trade,NON,NON,S
20170814T090150,2.79,5661,Auto trade,XTX,NON,S
20170814T090152,2.8,258,Auto trade,DNM,PAS,B
20170814T090152,2.8,100,Auto trade,DNM,XTX,B
20170814T090152,2.8,6488,Auto trade,DNM,PAS,
20170814T090154,2.8,500,Auto trade,PAS,PAS,
20170814T090154,2.79,100,Auto trade,XTX,PAS,S
20170814T090154,2.79,100,Auto trade,XTX,PAS,S
20170814T090154,2.79,100,Auto trade,XTX,PAS,S
20170814T090155,2.79,4039,Auto trade,XTX,SKBN,S
20170814T090155,2.79,9994,Auto trade,DNM,SKBN,S
20170814T090155,2.78,9400,Auto trade,XTX,SKBN,S
20170814T090155,2.78,567,Auto trade,NON,SKBN,S
20170814T090155,2.79,100,Auto trade,XTX,PAS,S
20170814T090155,2.79,100,Auto trade,XTX,PAS,S
20170814T090157,2.79,100,Auto trade,XTX,PAS,S
20170814T090157,2.79,100,Auto trade,XTX,PAS,S
20170814T090157,2.8,250,Auto trade,PAS,PAS,
20170814T090157,2.79,100,Auto trade,XTX,PAS,S
20170814T090157,2.79,100,Auto trade,XTX,PAS,S
20170814T090158,2.8,5000,Auto trade,DNM,PAS,B
20170814T090158,2.8,5661,Auto trade,DNM,XTX,B
20170814T090158,2.8,39339,Auto trade,DNM,PAS,
20170814T090158,2.8,1500,Auto trade,NON,PAS,B
20170814T090200,2.79,6892,Auto trade,XTX,PAS,S
20170814T090200,2.78,433,Auto trade,NON,PAS,S
20170814T090200,2.78,2675,Auto trade,MSI,PAS,S
20170814T090201,2.78,5661,Auto trade,XTX,PAS,S
20170814T090201,2.77,4339,Auto trade,XTX,PAS,S
20170814T090204,2.77,100,Auto trade,XTX,PAS,S
20170814T090204,2.77,100,Auto trade,XTX,PAS,S
20170814T090204,2.77,100,Auto trade,XTX,PAS,S
20170814T090204,2.78,5,Auto trade,PAS,PAS,B
20170814T090204,2.77,100,Auto trade,XTX,PAS,S
20170814T090205,2.77,2153,Auto trade,XTX,NON,S
20170814T090205,2.77,9153,Auto trade,DNM,NON,S
20170814T090205,2.76,100,Auto trade,NON,PAS,S
20170814T090205,2.76,100,Auto trade,NON,PAS,S
20170814T090209,2.77,400,Auto trade,MSI,NON,B
20170814T090209,2.77,3784,Auto trade,MSI,XTX,B
20170814T090210,2.76,100,Auto trade,NON,PAS,S
20170814T090210,2.77,100,Auto trade,DNM,PAS,S
20170814T090210,2.77,100,Auto trade,DNM,PAS,S
20170814T090210,2.77,100,Auto trade,DNM,PAS,S
20170814T090211,2.77,100,Auto trade,DNM,PAS,S
20170814T090211,2.77,100,Auto trade,DNM,PAS,S
20170814T090211,2.77,100,Auto trade,DNM,PAS,S
20170814T090211,2.77,100,Auto trade,DNM,PAS,S
20170814T090216,2.78,10000,Auto trade,MSI,XTX,B
20170814T090218,2.79,10000,Auto trade,DNM,XTX,B
20170814T090218,2.79,5000,Auto trade,DNM,NYE,B
20170814T090219,2.8,4692,Auto trade,DNM,DNM,B
20170814T090219,2.8,3500,Auto trade,UBS,PAS,B
20170814T090219,2.8,1500,Auto trade,UBS,PAS,B
20170814T090219,2.79,9300,Auto trade,DNM,NTF,S
20170814T090219,2.79,10000,Auto trade,NYE,NTF,S
20170814T090219,2.79,10000,Auto trade,XTX,NTF,S
20170814T090219,2.78,10000,Auto trade,XTX,NTF,S
20170814T090219,2.78,260,Auto trade,MSI,NTF,S
20170814T090219,2.78,17917,Auto trade,ALGO,NTF,B
20170814T090219,2.78,74905,Auto trade,PAS,NTF,B
20170814T090219,2.78,7618,Auto trade,XTX,NTF,B
20170814T090220,2.79,10000,Auto trade,NYE,XTX,B
20170814T090220,2.8,38816,Auto trade,PAS,PAS,B
20170814T090220,2.8,30079,Auto trade,PAS,DNM,B
20170814T090220,2.8,6010,Auto trade,PAS,NTF,B
20170814T090223,2.8,1000,Auto trade,NON,NTF,B
20170814T090223,2.8,22990,Auto trade,PAS,NTF,B
20170814T090223,2.8,10000,Auto trade,PAS,XTX,B
20170814T090223,2.8,15229,Auto trade,PAS,DNM,B
20170814T090223,2.8,10000,Auto trade,PAS,XTX,B
20170814T090224,2.81,50000,Auto trade,PAS,SKBN,B
20170814T090224,2.81,6892,Auto trade,PAS,XTX,B
20170814T090226,2.82,5000,Auto trade,NYE,DNM,B
20170814T090227,2.82,4566,Auto trade,DNM,DNM,B
20170814T090227,2.82,434,Auto trade,PAS,DNM,B
20170814T090227,2.82,66,Auto trade,PAS,XTX,B
20170814T090227,2.82,660,Auto trade,NON,XTX,B
20170814T090229,2.81,5192,Auto trade,DNM,DNM,S
20170814T090229,2.81,10000,Auto trade,XTX,DNM,S
20170814T090229,2.81,18013,Auto trade,PAS,DNM,S
20170814T090229,2.81,10000,Auto trade,XTX,DNM,S
20170814T090229,2.82,500,Auto trade,PAS,XTX,B
20170814T090229,2.81,4284,Auto trade,XTX,DNM,S
20170814T090229,2.8,41781,Auto trade,PAS,DNM,S
20170814T090229,2.8,10000,Auto trade,XTX,DNM,S
20170814T090229,2.8,6,Auto trade,MSI,DNM,S
20170814T090229,2.8,25000,Auto trade,NYE,DNM,S
20170814T090229,2.8,20000,Auto trade,NON,DNM,S
20170814T090230,2.79,1000,Auto trade,NON,NON,S
20170814T090230,2.79,25000,Auto trade,NYE,NON,S
20170814T090230,2.79,4679,Auto trade,DNM,NON,S
20170814T090230,2.78,5000,Auto trade,NYE,NON,S
20170814T090230,2.78,74905,Auto trade,PAS,NON,S
20170814T090230,2.78,9300,Auto trade,MSI,NON,S
20170814T090230,2.78,6,Auto trade,MSI,NON,S
20170814T090230,2.78,25000,Auto trade,NYE,NON,S
20170814T090230,2.78,5000,Auto trade,NYE,NON,S
20170814T090230,2.77,30000,Auto trade,NON,NON,S
20170814T090230,2.77,20000,Auto trade,SKBN,NON,S
20170814T090230,2.77,6,Auto trade,MSI,NON,S
20170814T090230,2.76,104,Auto trade,NON,NON,S
20170814T090232,2.8,500,Auto trade,PAS,DNM,B
20170814T090233,2.79,100,Auto trade,PAS,NYE,B
20170814T090234,2.79,100,Auto trade,PAS,NYE,B
20170814T090234,2.79,100,Auto trade,PAS,NYE,B
20170814T090234,2.79,100,Auto trade,PAS,NYE,B
20170814T090235,2.79,4600,Auto trade,DNM,NYE,B
20170814T090235,2.79,10000,Auto trade,DNM,XTX,B
20170814T090235,2.79,10400,Auto trade,DNM,NYE,B
20170814T090236,2.78,1000,Auto trade,NON,NTF,S
20170814T090236,2.78,4627,Auto trade,DNM,NTF,S
20170814T090236,2.77,4373,Auto trade,NON,NTF,S
20170814T090241,2.77,2627,Auto trade,NON,NYE,S
20170814T090241,2.77,1575,Auto trade,CSB,NYE,S
20170814T090241,2.77,401,Auto trade,CSB,NYE,S
20170814T090241,2.77,276,Auto trade,CSB,NYE,S
20170814T090241,2.77,96214,Auto trade,CSB,NYE,S
20170814T090241,2.77,25724,Auto trade,CSB,NYE,S
20170814T090241,2.77,18457,Auto trade,CSB,NYE,S
20170814T090241,2.77,11105,Auto trade,CSB,NYE,S
20170814T090242,2.78,10000,Auto trade,NON,NON,B
20170814T090243,2.76,122,Auto trade,NON,NYE,S
20170814T090244,2.78,25000,Auto trade,DNM,NYE,B
20170814T090244,2.78,3784,Auto trade,DNM,XTX,B
20170814T090244,2.78,30000,Auto trade,DNM,NON,B
20170814T090244,2.78,5000,Auto trade,DNM,NTF,B
20170814T090246,2.79,100,Auto trade,PAS,NON,B
20170814T090246,2.79,100,Auto trade,PAS,NON,B
20170814T090246,2.79,100,Auto trade,PAS,NON,B
20170814T090246,2.79,100,Auto trade,PAS,NON,B
20170814T090246,2.79,100,Auto trade,PAS,NON,B
20170814T090247,2.79,100,Auto trade,PAS,NON,B
20170814T090250,2.78,16007,Auto trade,DNM,NON,S
20170814T090252,2.79,100,Auto trade,PAS,NON,B
20170814T090253,2.79,100,Auto trade,PAS,NON,B
20170814T090253,2.79,100,Auto trade,PAS,NON,B
20170814T090253,2.79,100,Auto trade,PAS,NON,B
20170814T090253,2.79,100,Auto trade,PAS,NON,B
20170814T090255,2.79,18900,Auto trade,NYE,NON,B
20170814T090255,2.79,6100,Auto trade,NYE,NON,B
20170814T090255,2.78,100,Auto trade,PAS,PAS,S
20170814T090255,2.78,98762,Auto trade,CSB,PAS,S
20170814T090255,2.78,8543,Auto trade,CSB,PAS,S
20170814T090255,2.79,100,Auto trade,PAS,NON,B
20170814T090255,2.79,100,Auto trade,PAS,NON,B
20170814T090255,2.79,100,Auto trade,PAS,NON,B
20170814T090256,2.79,100,Auto trade,PAS,NON,B
20170814T090256,2.79,13500,Auto trade,NTF,NON,B
20170814T090256,2.79,20000,Auto trade,NTF,NON,B
20170814T090256,2.79,66500,Auto trade,NTF,DNM,B
20170814T090256,2.79,100,Auto trade,PAS,DNM,B
20170814T090256,2.79,100,Auto trade,PAS,DNM,B
20170814T090256,2.79,100,Auto trade,PAS,DNM,B
20170814T090257,2.79,11237,Auto trade,NYE,DNM,B
20170814T090257,2.8,100,Auto trade,PAS,DNM,B
20170814T090257,2.8,100,Auto trade,PAS,DNM,B
20170814T090257,2.8,100,Auto trade,PAS,DNM,B
20170814T090258,2.8,100,Auto trade,PAS,DNM,B
20170814T090258,2.8,100,Auto trade,PAS,DNM,B
20170814T090258,2.8,100,Auto trade,PAS,DNM,B
20170814T090258,2.8,100,Auto trade,PAS,DNM,B
20170814T090258,2.79,5000,Auto trade,NON,NON,S
20170814T090259,2.8,100,Auto trade,PAS,DNM,B
20170814T090259,2.8,100,Auto trade,PAS,DNM,B
20170814T090259,2.8,25000,Auto trade,NYE,DNM,B
20170814T090300,2.8,100,Auto trade,PAS,DNM,B
20170814T090300,2.8,100,Auto trade,PAS,DNM,B
20170814T090258,2.8,14000,Official,NMBR,DNM,
20170814T090304,2.79,13763,Auto trade,NYE,PAS,S
20170814T090304,2.79,25000,Auto trade,NON,PAS,S
20170814T090304,2.79,10000,Auto trade,XTX,PAS,S
20170814T090304,2.79,51237,Auto trade,NTF,PAS,S
20170814T090306,2.8,10000,Auto trade,NON,NON,B
20170814T090306,2.8,1071,Auto trade,SB1M,DNM,B
20170814T090307,2.79,48763,Auto trade,NTF,PAS,S
20170814T090309,2.79,10000,Auto trade,SKBN,XTX,B
20170814T090311,2.8,1000,Auto trade,NON,NON,B
20170814T090318,2.8,1000,Auto trade,NON,NON,B
20170814T090322,2.8,13977,Auto trade,GSI,DNM,B
20170814T090322,2.8,10000,Auto trade,GSI,XTX,B
20170814T090322,2.8,34771,Auto trade,GSI,DNM,B
20170814T090322,2.8,14000,Auto trade,GSI,NON,B
20170814T090322,2.8,50000,Auto trade,GSI,MSI,B
20170814T090322,2.8,20000,Auto trade,GSI,NTF,B
20170814T090322,2.8,50000,Auto trade,GSI,PAS,B
20170814T090322,2.8,7000,Auto trade,GSI,DNM,B
20170814T090322,2.8,31664,Auto trade,GSI,PAS,
20170814T090322,2.8,7000,Auto trade,MSI,PAS,B
20170814T090322,2.8,43000,Auto trade,DNM,PAS,B
20170814T090322,2.8,68336,Auto trade,DNM,PAS,
20170814T090324,2.8,25000,Auto trade,DNM,NTF,S
20170814T090324,2.8,3784,Auto trade,XTX,NTF,S
20170814T090324,2.8,71216,Auto trade,DNM,NTF,
20170814T090325,2.8,3000,Auto trade,DNM,NON,S
20170814T090329,2.81,5000,Auto trade,PAS,NYE,B
20170814T090329,2.81,5000,Auto trade,PAS,XTX,B
20170814T090329,2.81,20,Auto trade,PAS,XTX,B
20170814T090330,2.81,4000,Auto trade,NON,XTX,B
20170814T090331,2.82,3500,Auto trade,NON,NON,B
20170814T090331,2.82,1500,Auto trade,NON,NON,B
20170814T090332,2.81,4000,Auto trade,NON,PAS,S
20170814T090332,2.81,10000,Auto trade,XTX,PAS,S
20170814T090332,2.81,4000,Auto trade,NON,PAS,B
20170814T090333,2.81,20000,Auto trade,NON,PAS,B
20170814T090335,2.81,2500,Auto trade,NON,PAS,B
20170814T090335,2.81,23500,Auto trade,NON,PAS,B
20170814T090335,2.81,10000,Auto trade,NON,XTX,B
20170814T090335,2.81,36500,Auto trade,NON,PAS,B
20170814T090335,2.81,5027,Auto trade,CSB,PAS,B
20170814T090340,2.81,6973,Auto trade,PAS,PAS,B
20170814T090340,2.81,3027,Auto trade,PAS,PAS,
20170814T090342,2.8,20000,Auto trade,NTF,NTF,S
20170814T090342,2.8,22000,Auto trade,DNM,NTF,S
20170814T090342,2.8,5000,Auto trade,XTX,NTF,S
20170814T090342,2.8,950,Auto trade,NON,NTF,S
20170814T090342,2.8,20000,Auto trade,NYE,NTF,S
20170814T090342,2.8,32050,Auto trade,DNM,NTF,
20170814T090344,2.81,10000,Auto trade,NTF,NTF,B
20170814T090344,2.81,40000,Auto trade,CSB,PAS,B
20170814T090344,2.81,13333,Auto trade,CSB,PAS,B
20170814T090345,2.81,10000,Auto trade,PAS,PAS,
20170814T090345,2.81,25,Auto trade,PAS,PAS,
20170814T090347,2.81,1301,Auto trade,SB1M,PAS,B
20170814T090347,2.81,13699,Auto trade,SB1M,SKBN,B
20170814T090348,2.81,6007,Auto trade,NON,SKBN,B
20170814T090349,2.81,15000,Auto trade,NTF,NTF,B
20170814T090349,2.81,32294,Auto trade,NTF,SKBN,B
20170814T090349,2.81,18314,Auto trade,NTF,PAS,B
20170814T090349,2.81,21450,Auto trade,NTF,NON,S
20170814T090350,2.82,10000,Auto trade,PAS,PAS,
20170814T090350,2.82,13500,Auto trade,CSB,NON,B
20170814T090350,2.82,4764,Auto trade,CSB,XTX,B
20170814T090350,2.82,11100,Auto trade,CSB,PAS,B
20170814T090350,2.82,9788,Auto trade,CSB,PAS,B
20170814T090351,2.82,250,Auto trade,PAS,PAS,
20170814T090352,2.82,10000,Auto trade,PAS,PAS,
20170814T090352,2.81,12942,Auto trade,NTF,DNM,S
20170814T090352,2.81,4020,Auto trade,XTX,DNM,S
20170814T090352,2.81,14370,Auto trade,CSB,DNM,S
20170814T090352,2.81,20000,Auto trade,NON,DNM,S
20170814T090352,2.81,4764,Auto trade,XTX,DNM,S
20170814T090353,2.81,1000,Auto trade,NON,DNM,B
20170814T090353,2.81,20000,Auto trade,NON,DNM,B
20170814T090355,2.81,4000,Auto trade,NON,DNM,B
20170814T090357,2.81,10000,Auto trade,PAS,DNM,B
20170814T090352,2.8,400000,Official,NMBR,DNM,
20170814T090401,2.81,4172,Auto trade,DNM,DNM,B
20170814T090403,2.81,10000,Auto trade,PAS,DNM,B
20170814T090404,2.81,50,Auto trade,NON,DNM,B
20170814T090409,2.81,10000,Auto trade,NON,DNM,B
20170814T090409,2.81,3024,Auto trade,PAS,DNM,B
20170814T090409,2.81,8784,Auto trade,PAS,XTX,B
20170814T090413,2.82,50,Auto trade,PAS,PAS,
20170814T090415,2.81,24235,Auto trade,PAS,NON,S
20170814T090415,2.81,8784,Auto trade,XTX,NON,S
20170814T090415,2.81,4000,Auto trade,DNM,NON,S
20170814T090415,2.8,2000,Auto trade,NON,NON,S
20170814T090415,2.8,25000,Auto trade,DNM,NON,S
20170814T090415,2.8,10000,Auto trade,XTX,NON,S
20170814T090415,2.8,83328,Auto trade,DNM,NON,S
20170814T090415,2.8,58681,Auto trade,DNM,NON,
20170814T090415,2.79,10000,Auto trade,SKBN,NON,S
20170814T090415,2.79,10000,Auto trade,XTX,NON,S
20170814T090415,2.78,3972,Auto trade,PAS,NON,S
20170814T090417,2.8,26519,Auto trade,DNM,PAS,S
20170814T090417,2.8,3481,Auto trade,DNM,PAS,B
20170814T090418,2.81,50,Auto trade,PAS,XTX,B
20170814T090418,2.8,500,Auto trade,NON,NON,S
20170814T090418,2.8,6672,Auto trade,DNM,NON,S
20170814T090418,2.8,50,Auto trade,XTX,NON,S
20170814T090423,2.8,100,Auto trade,PAS,PAS,
20170814T090423,2.8,100,Auto trade,PAS,PAS,
20170814T090423,2.8,100,Auto trade,PAS,PAS,
20170814T090430,2.8,2778,Auto trade,NON,NON,B
20170814T090430,2.8,10000,Auto trade,NON,NON,B
20170814T090430,2.8,3222,Auto trade,NON,XTX,B
20170814T090434,2.8,500,Auto trade,NON,XTX,B
20170814T090435,2.8,100,Auto trade,PAS,PAS,
20170814T090435,2.8,100,Auto trade,PAS,PAS,
20170814T090435,2.8,100,Auto trade,PAS,PAS,
20170814T090437,2.79,3222,Auto trade,XTX,NTF,S
20170814T090437,2.79,2778,Auto trade,MSI,NTF,B
20170814T090437,2.8,100,Auto trade,PAS,PAS,
20170814T090437,2.8,100,Auto trade,PAS,PAS,
20170814T090438,2.8,100,Auto trade,PAS,PAS,
20170814T090445,2.8,5000,Auto trade,NON,XTX,B
20170814T090446,2.8,100,Auto trade,PAS,PAS,
20170814T090447,2.8,100,Auto trade,PAS,PAS,
20170814T090447,2.8,100,Auto trade,PAS,PAS,
20170814T090502,2.79,7000,Auto trade,NON,NON,S
20170814T090502,2.79,1500,Auto trade,NON,NON,S
20170814T090503,2.8,1278,Auto trade,DNM,XTX,B
20170814T090503,2.8,50000,Auto trade,DNM,PAS,B
20170814T090503,2.8,23500,Auto trade,DNM,CAR,B
20170814T090503,2.8,3000,Auto trade,DNM,NON,B
20170814T090503,2.8,9880,Auto trade,DNM,NON,B
20170814T090503,2.8,2310,Auto trade,DNM,PAS,
20170814T090503,2.8,10032,Auto trade,DNM,CAR,
20170814T090503,2.8,15302,Auto trade,CSB,PAS,B
20170814T090503,2.8,3521,Auto trade,CSB,CAR,B
20170814T090503,2.8,14763,Auto trade,CSB,CAR,B
20170814T090503,2.8,4921,Auto trade,CSB,CAR,B
20170814T090504,2.79,100,Auto trade,PAS,PAS,S
20170814T090504,2.79,100,Auto trade,PAS,PAS,S
20170814T090504,2.79,2500,Auto trade,NON,PAS,S
20170814T090504,2.79,6778,Auto trade,XTX,PAS,S
20170814T090508,2.8,295,Auto trade,DNM,CAR,B
20170814T090508,2.8,9705,Auto trade,DNM,XTX,B
20170814T090509,2.8,100,Auto trade,PAS,XTX,B
20170814T090510,2.8,100,Auto trade,PAS,XTX,B
20170814T090510,2.8,95,Auto trade,PAS,XTX,B
20170814T090510,2.8,5,Auto trade,PAS,CAR,B
20170814T090510,2.8,100,Auto trade,PAS,CAR,B
20170814T090511,2.8,100,Auto trade,PAS,CAR,B
20170814T090511,2.8,100,Auto trade,PAS,CAR,B
20170814T090511,2.8,100,Auto trade,PAS,CAR,B
20170814T090513,2.8,3144,Auto trade,NON,CAR,B
20170814T090514,2.8,19951,Auto trade,NON,CAR,B
20170814T090514,2.8,10000,Auto trade,NON,XTX,B
20170814T090514,2.8,10074,Auto trade,NON,NOE,B
20170814T090514,2.8,19468,Auto trade,NON,CAR,
20170814T090517,2.81,4000,Auto trade,NON,XTX,B
20170814T090517,2.81,5950,Auto trade,CSB,XTX,B
20170814T090517,2.81,11793,Auto trade,CSB,CAR,B
20170814T090517,2.81,3807,Auto trade,CSB,CAR,B
20170814T090517,2.81,2108,Auto trade,CSB,CAR,
20170814T090517,2.81,3000,Auto trade,SKBN,CAR,B
20170814T090518,2.81,100,Auto trade,PAS,CAR,B
20170814T090518,2.81,100,Auto trade,PAS,PAS,
20170814T090512,2.81,1000000,Official,DNM,NMBR,
20170814T090518,2.81,100,Auto trade,PAS,PAS,
20170814T090518,2.81,100,Auto trade,PAS,PAS,
20170814T090519,2.81,4000,Auto trade,NON,CAR,B
20170814T090521,2.81,100,Auto trade,PAS,PAS,
20170814T090521,2.81,100,Auto trade,PAS,PAS,
20170814T090521,2.81,100,Auto trade,PAS,PAS,
20170814T090521,2.81,100,Auto trade,PAS,PAS,
20170814T090521,2.81,28500,Auto trade,PAS,PAS,
20170814T090522,2.81,6185,Auto trade,CSB,CAR,B
20170814T090522,2.81,2315,Auto trade,NYE,CAR,B
20170814T090522,2.81,17685,Auto trade,NYE,PAS,B
20170814T090522,2.81,2315,Auto trade,MSI,PAS,B
20170814T090522,2.81,9500,Auto trade,CSB,CAR,B
20170814T090524,2.81,800,Auto trade,PAS,PAS,B
20170814T090524,2.81,26100,Auto trade,PAS,PAS,
20170814T090524,2.81,6100,Auto trade,CSB,CAR,B
20170814T090524,2.81,805,Auto trade,CSB,PAS,B
20170814T090525,2.81,10000,Auto trade,DNM,PAS,B
20170814T090526,2.8,30000,Auto trade,NON,NOE,S
20170814T090539,2.8,5507,Auto trade,NON,PAS,S
20170814T090539,2.8,10000,Auto trade,XTX,PAS,S
20170814T090539,2.8,108325,Auto trade,NON,PAS,S
20170814T090539,2.81,15600,Auto trade,SKBN,CAR,B
20170814T090539,2.81,19400,Auto trade,SKBN,DNM,B
20170814T090540,2.8,32175,Auto trade,NON,NTF,S
20170814T090540,2.8,20000,Auto trade,SB1M,NTF,S
20170814T090540,2.8,47825,Auto trade,DNM,NTF,S
20170814T090540,2.8,1869,Auto trade,DNM,XTX,S
20170814T090548,2.81,10447,Auto trade,NTF,DNM,B
20170814T090548,2.81,14924,Auto trade,NTF,DNM,B
20170814T090548,2.81,10000,Auto trade,NTF,XTX,B
20170814T090548,2.81,3629,Auto trade,NTF,CAR,B
20170814T090548,2.81,1000,Auto trade,NON,CAR,B
20170814T090555,2.8,16000,Auto trade,NTF,PAS,S
20170814T090555,2.8,10000,Auto trade,NON,PAS,S
20170814T090555,2.8,9950,Auto trade,XTX,PAS,S
20170814T090556,2.8,9000,Auto trade,NON,PAS,B
20170814T090559,2.8,892,Auto trade,SKBN,PAS,B
20170814T090601,2.8,4158,Auto trade,PAS,PAS,B
20170814T090601,2.81,2000,Auto trade,NON,NON,B
20170814T090602,2.8,1842,Auto trade,PAS,PAS,S
20170814T090615,2.79,100,Auto trade,XTX,PAS,S
20170814T090618,2.79,9900,Auto trade,XTX,PAS,S
20170814T090618,2.79,100,Auto trade,CSB,PAS,S
20170814T090618,2.79,10000,Auto trade,CSB,PAS,S
20170814T090620,2.79,4016,Auto trade,CSB,PAS,S
20170814T090620,2.79,3469,Auto trade,CSB,PAS,S
20170814T090620,2.78,74,Auto trade,PAS,PAS,S
20170814T090620,2.8,22500,Auto trade,NON,PAS,B
20170814T090620,2.8,50,Auto trade,PAS,PAS,B
20170814T090629,2.78,100,Auto trade,PAS,PAS,S
20170814T090629,2.78,100,Auto trade,PAS,PAS,S
20170814T090629,2.78,100,Auto trade,PAS,PAS,S
20170814T090630,2.78,100,Auto trade,PAS,PAS,S
20170814T090630,2.79,10000,Auto trade,DNM,SB1M,B
20170814T090635,2.78,100,Auto trade,PAS,PAS,S
20170814T090635,2.78,100,Auto trade,PAS,PAS,S
20170814T090635,2.78,45354,Auto trade,PAS,BCSL,S
20170814T090635,2.78,20000,Auto trade,NYE,BCSL,S
20170814T090635,2.78,100000,Auto trade,NON,BCSL,S
20170814T090635,2.78,4800,Auto trade,NRD,BCSL,S
20170814T090635,2.78,5255,Auto trade,CSB,BCSL,S
20170814T090635,2.78,100,Auto trade,CSB,PAS,S
20170814T090636,2.78,6833,Auto trade,CSB,NON,S
20170814T090636,2.78,2975,Auto trade,CSB,NON,S
20170814T090636,2.78,14924,Auto trade,DNM,NON,S
20170814T090636,2.78,268,Auto trade,XTX,NON,S
20170814T090636,2.78,2133,Auto trade,DNM,XTX,B
20170814T090637,2.78,100,Auto trade,DNM,PAS,S
20170814T090638,2.78,100,Auto trade,DNM,PAS,S
20170814T090638,2.78,2743,Auto trade,DNM,NYE,S
20170814T090638,2.78,3734,Auto trade,XTX,NYE,S
20170814T090638,2.78,1539,Auto trade,CSB,NYE,S
20170814T090638,2.78,332,Auto trade,CSB,NYE,B
20170814T090638,2.78,106,Auto trade,CSB,NYE,B
20170814T090638,2.78,34,Auto trade,CSB,NYE,B
20170814T090638,2.78,11,Auto trade,CSB,NYE,B
20170814T090638,2.78,4,Auto trade,CSB,NYE,B
20170814T090638,2.78,11497,Auto trade,MSI,NYE,B
20170814T090640,2.79,30000,Auto trade,DNM,SB1M,B
20170814T090640,2.79,10000,Auto trade,DNM,PAS,B
20170814T090640,2.79,10000,Auto trade,DNM,XTX,B
20170814T090640,2.79,20000,Auto trade,DNM,NON,B
20170814T090640,2.79,10000,Auto trade,DNM,XTX,B
20170814T090640,2.79,100,Auto trade,DNM,PAS,S
20170814T090640,2.79,100,Auto trade,DNM,PAS,S
20170814T090640,2.79,100,Auto trade,DNM,PAS,S
20170814T090640,2.8,2822,Auto trade,NON,PAS,B
20170814T090641,2.79,100,Auto trade,DNM,PAS,S
20170814T090641,2.79,100,Auto trade,DNM,PAS,S
20170814T090643,2.8,7050,Auto trade,NON,PAS,B
20170814T090643,2.79,100,Auto trade,DNM,PAS,S
20170814T090644,2.79,100,Auto trade,DNM,PAS,S
20170814T090644,2.79,100,Auto trade,DNM,PAS,S
20170814T090644,2.8,1300,Auto trade,NON,PAS,B
20170814T090644,2.79,100,Auto trade,DNM,PAS,S
20170814T090647,2.79,100,Auto trade,DNM,PAS,S
20170814T090647,2.79,100,Auto trade,DNM,PAS,S
20170814T090648,2.79,100,Auto trade,DNM,PAS,S
20170814T090648,2.79,100,Auto trade,DNM,PAS,S
20170814T090651,2.79,100,Auto trade,DNM,PAS,S
20170814T090651,2.79,100,Auto trade,DNM,PAS,S
20170814T090651,2.79,100,Auto trade,DNM,PAS,S
20170814T090658,2.79,10000,Auto trade,DNM,NTF,S
20170814T090659,2.79,38094,Auto trade,DNM,NTF,S
20170814T090659,2.79,40000,Auto trade,NON,NTF,S
20170814T090659,2.79,10000,Auto trade,XTX,NTF,S
20170814T090659,2.79,11906,Auto trade,MSI,NTF,S
20170814T090652,2.8,10000,Official,NMBR,DNM,
20170814T090659,2.79,11433,Auto trade,MSI,PAS,S
20170814T090659,2.79,20000,Auto trade,NON,PAS,S
20170814T090659,2.79,3000,Auto trade,NON,PAS,S
20170814T090659,2.79,6804,Auto trade,DNM,PAS,S
20170814T090659,2.79,5679,Auto trade,MSI,MSI,S
20170814T090659,2.79,3196,Auto trade,DNM,MSI,S
20170814T090659,2.79,10348,Auto trade,CSB,MSI,S
20170814T090659,2.79,2601,Auto trade,CSB,MSI,S
20170814T090659,2.79,15230,Auto trade,DNM,MSI,S
20170814T090700,2.79,50,Auto trade,PAS,XTX,B
20170814T090702,2.78,100,Auto trade,XTX,PAS,S
20170814T090702,2.78,100,Auto trade,XTX,PAS,S
20170814T090703,2.78,100,Auto trade,XTX,PAS,S
20170814T090703,2.78,100,Auto trade,XTX,PAS,S
20170814T090703,2.78,100,Auto trade,XTX,PAS,S
20170814T090709,2.78,9500,Auto trade,XTX,PAS,S
20170814T090709,2.78,500,Auto trade,NYE,PAS,S
20170814T090710,2.78,1401,Auto trade,NYE,PAS,S
20170814T090710,2.78,5250,Auto trade,MSI,PAS,S
20170814T090710,2.78,3349,Auto trade,MSI,PAS,B
20170814T090719,2.78,1893,Auto trade,MSI,NON,S
20170814T090719,2.78,180,Auto trade,DNM,NON,S
20170814T090721,2.79,3500,Auto trade,NON,NON,B
20170814T090723,2.78,1000,Auto trade,DNM,PAS,S
20170814T090723,2.78,1000,Auto trade,DNM,PAS,S
20170814T090723,2.78,23000,Auto trade,DNM,NON,S
20170814T090723,2.78,1000,Auto trade,DNM,PAS,S
20170814T090724,2.78,1000,Auto trade,DNM,PAS,S
20170814T090727,2.78,1000,Auto trade,DNM,PAS,S
20170814T090727,2.78,1000,Auto trade,DNM,PAS,S
20170814T090728,2.78,5591,Auto trade,DNM,NYE,S
20170814T090728,2.78,5435,Auto trade,MSI,NYE,S
20170814T090728,2.78,2000,Auto trade,CAR,NYE,B
20170814T090728,2.78,10000,Auto trade,CAR,XTX,B
20170814T090728,2.79,9950,Auto trade,CAR,XTX,B
20170814T090728,2.79,128050,Auto trade,CAR,NON,B
20170814T090729,2.78,1000,Auto trade,XTX,PAS,S
20170814T090736,2.78,1000,Auto trade,NON,PAS,B
20170814T090736,2.78,1000,Auto trade,NON,PAS,B
20170814T090736,2.78,1000,Auto trade,NON,PAS,B
20170814T090736,2.78,3289,Auto trade,NON,CSB,B
20170814T090736,2.78,1000,Auto trade,NON,XTX,B
20170814T090737,2.78,1000,Auto trade,NON,PAS,S
20170814T090738,2.78,1000,Auto trade,NON,PAS,S
20170814T090740,2.78,1000,Auto trade,NON,PAS,S
20170814T090740,2.79,250,Auto trade,PAS,NON,B
20170814T090741,2.78,1000,Auto trade,NON,PAS,S
20170814T090741,2.78,1000,Auto trade,NON,PAS,S
20170814T090744,2.78,1000,Auto trade,NON,PAS,S
20170814T090745,2.78,1000,Auto trade,NON,PAS,S
20170814T090745,2.78,35711,Auto trade,NON,NTF,S
20170814T090745,2.78,10000,Auto trade,XTX,NTF,S
20170814T090745,2.78,4289,Auto trade,MSI,NTF,S
20170814T090745,2.78,8358,Auto trade,MSI,MSI,S
20170814T090745,2.78,3505,Auto trade,MSI,MSI,S
20170814T090746,2.78,1000,Auto trade,MSI,PAS,S
20170814T090746,2.78,1000,Auto trade,MSI,PAS,S
20170814T090746,2.78,1000,Auto trade,MSI,PAS,S
20170814T090748,2.78,14995,Auto trade,MSI,NON,S
20170814T090748,2.78,5005,Auto trade,CAR,NON,S
20170814T090752,2.78,1000,Auto trade,CAR,PAS,S
20170814T090753,2.78,1000,Auto trade,CAR,PAS,S
20170814T090757,2.78,995,Auto trade,CAR,PAS,S
20170814T090757,2.78,34771,Auto trade,DNM,PAS,S
20170814T090757,2.78,10000,Auto trade,XTX,PAS,S
20170814T090757,2.78,19300,Auto trade,MSI,PAS,S
20170814T090757,2.78,5929,Auto trade,MSI,PAS,S
20170814T090757,2.78,63415,Auto trade,CAR,PAS,
20170814T090757,2.78,5929,Auto trade,CAR,XTX,S
20170814T090757,2.78,2071,Auto trade,CAR,XTX,S
20170814T090757,2.78,3858,Auto trade,CAR,XTX,
20170814T090757,2.78,963,Auto trade,CAR,XTX,S
20170814T090757,2.78,7037,Auto trade,CAR,PAS,S
20170814T090757,2.78,6566,Auto trade,CAR,PAS,
20170814T090757,2.79,250,Auto trade,PAS,NON,B
20170814T090758,2.79,4000,Auto trade,NOE,NON,B
20170814T090759,2.78,1000,Auto trade,CAR,PAS,S
20170814T090759,2.78,1000,Auto trade,CAR,PAS,S
20170814T090759,2.78,1000,Auto trade,CAR,PAS,S
20170814T090759,2.78,1000,Auto trade,CAR,PAS,S
20170814T090759,2.78,1000,Auto trade,CAR,PAS,S
20170814T090800,2.78,1000,Auto trade,CAR,PAS,S
20170814T090800,2.78,1000,Auto trade,CAR,PAS,S
20170814T090800,2.78,1000,Auto trade,CAR,PAS,S
20170814T090800,2.78,1000,Auto trade,MSI,PAS,S
20170814T090801,2.78,1000,Auto trade,MSI,PAS,S
20170814T090801,2.78,1000,Auto trade,MSI,PAS,S
20170814T090801,2.78,300,Auto trade,MSI,NON,S
20170814T090801,2.78,8000,Auto trade,CAR,NON,S
20170814T090801,2.78,1700,Auto trade,CAR,NON,
20170814T090801,2.78,1000,Auto trade,CAR,PAS,S
20170814T090807,2.78,7000,Auto trade,CAR,NON,S
20170814T090807,2.78,8000,Auto trade,PAS,NON,S
20170814T090815,2.78,14600,Auto trade,MSI,NTF,S
20170814T090815,2.78,8000,Auto trade,CAR,NTF,S
20170814T090815,2.78,20000,Auto trade,PAS,NTF,S
20170814T090815,2.78,6892,Auto trade,XTX,NTF,S
20170814T090815,2.78,30000,Auto trade,NON,NTF,S
20170814T090815,2.78,4186,Auto trade,CAR,NTF,
20170814T090815,2.78,16322,Auto trade,PAS,NTF,
20170814T090815,2.78,8000,Auto trade,CAR,NON,S
20170814T090815,2.78,20000,Auto trade,PAS,NON,S
20170814T090815,2.78,1795,Auto trade,CAR,NON,
20170814T090815,2.78,10205,Auto trade,PAS,NON,
20170814T090816,2.78,4480,Auto trade,CAR,SHB,S
20170814T090816,2.78,20000,Auto trade,PAS,SHB,S
20170814T090816,2.78,5473,Auto trade,PAS,SHB,
20170814T090816,2.77,10800,Auto trade,NON,SHB,S
20170814T090816,2.77,5000,Auto trade,NON,SHB,S
20170814T090816,2.77,10000,Auto trade,XTX,SHB,S
20170814T090816,2.76,4474,Auto trade,NON,SHB,S
20170814T090816,2.76,30000,Auto trade,NON,SHB,S
20170814T090816,2.76,8000,Auto trade,MSI,SHB,S
20170814T090816,2.76,1773,Auto trade,PAS,SHB,S
20170814T090818,2.77,1000,Auto trade,XTX,PAS,B
20170814T090818,2.77,547,Auto trade,XTX,PAS,B
20170814T090818,2.77,453,Auto trade,MSI,PAS,B
20170814T090819,2.76,1000,Auto trade,PAS,PAS,S
20170814T090823,2.77,3650,Auto trade,NON,NON,B
20170814T090823,2.76,1000,Auto trade,PAS,PAS,S
20170814T090824,2.76,1000,Auto trade,PAS,PAS,S
20170814T090824,2.76,1000,Auto trade,PAS,PAS,S
20170814T090824,2.76,1000,Auto trade,PAS,PAS,S
20170814T090824,2.76,1000,Auto trade,PAS,PAS,S
20170814T090825,2.77,250,Auto trade,PAS,NON,B
20170814T090825,2.77,16100,Auto trade,MSI,NON,B
20170814T090827,2.78,250,Auto trade,PAS,XTX,B
20170814T090828,2.77,250,Auto trade,XTX,PAS,S
20170814T090828,2.77,750,Auto trade,DNM,PAS,S
20170814T090828,2.77,618,Auto trade,DNM,PAS,S
20170814T090829,2.76,1000,Auto trade,PAS,PAS,S
20170814T090836,2.76,16227,Auto trade,PAS,DNM,S
20170814T090836,2.76,18000,Auto trade,NTF,DNM,S
20170814T090836,2.76,15773,Auto trade,SKBN,DNM,S
20170814T090840,2.77,6706,Auto trade,NON,NON,B
20170814T090840,2.76,7500,Auto trade,NON,NON,S
20170814T090840,2.76,20000,Auto trade,NON,NON,S
20170814T090840,2.76,28500,Auto trade,SKBN,NON,S
20170814T090844,2.77,250,Auto trade,PAS,PAS,B
20170814T090844,2.76,1000,Auto trade,SKBN,PAS,S
20170814T090845,2.76,1000,Auto trade,SKBN,PAS,S
20170814T090845,2.76,1000,Auto trade,SKBN,PAS,S
20170814T090845,2.76,1000,Auto trade,SKBN,PAS,S
20170814T090845,2.76,1000,Auto trade,SKBN,PAS,S
20170814T090845,2.76,727,Auto trade,SKBN,PAS,S
20170814T090845,2.76,273,Auto trade,XTX,PAS,S
20170814T090846,2.75,1000,Auto trade,PAS,PAS,S
20170814T090846,2.75,12000,Auto trade,NON,NON,S
20170814T090846,2.75,1000,Auto trade,PAS,PAS,S
20170814T090846,2.75,1000,Auto trade,PAS,PAS,S
20170814T090846,2.75,1000,Auto trade,PAS,PAS,S
20170814T090847,2.76,1000,Auto trade,MSI,PAS,B
20170814T090848,2.75,1000,Auto trade,PAS,PAS,S
20170814T090848,2.75,1000,Auto trade,PAS,PAS,S
20170814T090849,2.75,1000,Auto trade,PAS,PAS,S
20170814T090852,2.75,317,Auto trade,DNM,DNM,S
20170814T090855,2.75,1000,Auto trade,PAS,PAS,S
20170814T090855,2.75,1000,Auto trade,PAS,PAS,S
20170814T090855,2.75,1000,Auto trade,PAS,PAS,S
20170814T090855,2.75,1983,Auto trade,DNM,DNM,S
20170814T090855,2.75,3931,Auto trade,DNM,DNM,S
20170814T090855,2.75,2918,Auto trade,DNM,DNM,S
20170814T090855,2.75,1000,Auto trade,PAS,PAS,S
20170814T090902,2.75,582,Auto trade,DNM,DNM,S
20170814T090902,2.75,5000,Auto trade,SKBN,DNM,S
20170814T090902,2.75,2000,Auto trade,NON,DNM,S
20170814T090902,2.75,9000,Auto trade,PAS,DNM,S
20170814T090902,2.75,150000,Auto trade,NON,DNM,S
20170814T090902,2.75,6728,Auto trade,NTF,DNM,S
20170814T090902,2.75,7300,Auto trade,NON,DNM,S
20170814T090902,2.75,5000,Auto trade,NON,DNM,S
20170814T090902,2.75,45000,Auto trade,UBS,DNM,S
20170814T090902,2.75,5262,Auto trade,MSI,DNM,S
20170814T090902,2.74,15000,Auto trade,NON,NYE,S
20170814T090903,2.74,21784,Auto trade,NON,DNM,S
20170814T090903,2.74,12783,Auto trade,NON,XTX,S
20170814T090903,2.74,433,Auto trade,NON,XTX,S
20170814T090904,2.73,16467,Auto trade,NYE,DNM,S
20170814T090908,2.73,1974,Auto trade,NYE,NYE,S
20170814T090912,2.74,1000,Auto trade,NTF,PAS,B
20170814T090912,2.74,2000,Auto trade,NTF,XTX,B
20170814T090915,2.73,6559,Auto trade,NYE,DNM,S
20170814T090915,2.73,7441,Auto trade,PAS,DNM,S
20170814T090920,2.74,5142,Auto trade,NTF,XTX,B
20170814T090920,2.74,1000,Auto trade,NTF,PAS,B
20170814T090920,2.74,1000,Auto trade,NTF,PAS,B
20170814T090920,2.74,20000,Auto trade,NTF,NON,B
20170814T090920,2.74,1000,Auto trade,NTF,PAS,B
20170814T090920,2.74,12909,Auto trade,NTF,DNM,B
20170814T090920,2.74,25000,Auto trade,NTF,NYE,B
20170814T090921,2.74,1000,Auto trade,NTF,PAS,S
20170814T090921,2.74,1000,Auto trade,NTF,PAS,S
20170814T090922,2.74,1000,Auto trade,NTF,PAS,S
20170814T090922,2.74,1000,Auto trade,NTF,PAS,S
20170814T090922,2.74,29949,Auto trade,NTF,NON,S
20170814T090922,2.74,10000,Auto trade,XTX,NON,S
20170814T090922,2.74,250,Auto trade,PAS,NON,S
20170814T090922,2.73,910,Auto trade,NON,NON,S
20170814T090922,2.74,10000,Auto trade,NON,XTX,B
20170814T090923,2.74,1000,Auto trade,NON,PAS,S
20170814T090924,2.74,1000,Auto trade,NON,PAS,S
20170814T090924,2.74,1000,Auto trade,NON,PAS,S
20170814T090925,2.75,250,Auto trade,PAS,DNM,B
20170814T090926,2.74,1000,Auto trade,PAS,PAS,S
20170814T090927,2.74,1000,Auto trade,PAS,PAS,S
20170814T090927,2.74,1000,Auto trade,PAS,PAS,S
20170814T090928,2.74,17000,Auto trade,NON,NON,S
20170814T090928,2.74,3000,Auto trade,PAS,NON,S
20170814T090932,2.75,50,Auto trade,PAS,DNM,B
20170814T090933,2.74,1000,Auto trade,PAS,PAS,S
20170814T090934,2.74,1000,Auto trade,PAS,PAS,S
20170814T090934,2.74,1000,Auto trade,PAS,PAS,S
20170814T090944,2.74,60000,Auto trade,NON,NON,S
20170814T090944,2.75,50,Auto trade,PAS,DNM,B
20170814T090947,2.74,1000,Auto trade,PAS,PAS,S
20170814T090947,2.74,1000,Auto trade,PAS,PAS,S
20170814T090947,2.74,1000,Auto trade,PAS,PAS,S
20170814T090947,2.74,1000,Auto trade,PAS,PAS,S
20170814T090947,2.74,1000,Auto trade,PAS,PAS,S
20170814T090949,2.74,40000,Auto trade,NON,NON,S
20170814T090949,2.74,10000,Auto trade,PAS,NON,S
20170814T090951,2.74,1000,Auto trade,PAS,PAS,S
20170814T090951,2.74,1000,Auto trade,MSI,PAS,S
20170814T090951,2.74,1000,Auto trade,MSI,PAS,S
20170814T090951,2.74,1000,Auto trade,MSI,PAS,S
20170814T090955,2.75,49650,Auto trade,PAS,DNM,B
20170814T090955,2.75,24450,Auto trade,PAS,NON,B
20170814T090955,2.75,20000,Auto trade,PAS,NON,B
20170814T090955,2.75,9317,Auto trade,PAS,XTX,B
20170814T090955,2.75,100000,Auto trade,PAS,NOE,B
20170814T090955,2.75,30000,Auto trade,PAS,NON,B
20170814T090955,2.75,375,Auto trade,PAS,NON,B
20170814T090955,2.75,2000,Auto trade,PAS,NON,B
20170814T090955,2.75,1898,Auto trade,PAS,DNM,
20170814T090955,2.75,1601,Auto trade,PAS,NOE,
20170814T090955,2.75,2375,Auto trade,MSI,DNM,B
20170814T090955,2.75,2375,Auto trade,XTX,DNM,B
20170814T090955,2.75,2375,Auto trade,XTX,DNM,B
20170814T090958,2.75,35000,Auto trade,NTF,DNM,B
20170814T090959,2.75,7875,Auto trade,NTF,DNM,B
20170814T090959,2.75,42125,Auto trade,NTF,NOE,B
20170814T091003,2.75,5000,Auto trade,NON,NOE,B
20170814T091007,2.75,52875,Auto trade,NTF,NOE,B
20170814T091007,2.75,47125,Auto trade,NTF,DNM,B
20170814T091007,2.75,2875,Auto trade,XTX,DNM,B
20170814T091007,2.75,2875,Auto trade,XTX,NOE,B
20170814T091009,2.75,19600,Auto trade,PAS,NOE,B
20170814T091010,2.75,70000,Auto trade,SWN,NOE,B
20170814T091011,2.75,7525,Auto trade,MSI,NOE,B
20170814T091011,2.75,16875,Auto trade,MSI,DNM,B
20170814T091012,2.75,33125,Auto trade,NTF,DNM,B
20170814T091012,2.75,16875,Auto trade,NTF,NOE,B
20170814T091012,2.75,3600,Auto trade,NON,NON,B
20170814T091012,2.75,16400,Auto trade,NON,NOE,B
20170814T091012,2.75,3000,Auto trade,NON,NOE,B
20170814T091013,2.75,63725,Auto trade,ESO,NOE,B
20170814T091013,2.75,50000,Auto trade,ESO,DNM,B
20170814T091013,2.75,69011,Auto trade,ESO,NOE,
20170814T091013,2.75,117264,Auto trade,ESO,DNM,
20170814T091016,2.75,1000,Auto trade,PAS,NOE,B
20170814T091017,2.75,1000,Auto trade,PAS,NOE,B
20170814T091017,2.75,1000,Auto trade,PAS,NOE,B
20170814T091021,2.75,10000,Auto trade,DNM,DNM,
20170814T091023,2.75,10000,Auto trade,NON,NOE,B
20170814T091027,2.75,5400,Auto trade,MSI,NOE,B
20170814T091035,2.74,2316,Auto trade,MSI,PAS,S
20170814T091035,2.74,2469,Auto trade,DNM,PAS,S
20170814T091035,2.74,34771,Auto trade,DNM,PAS,S
20170814T091035,2.74,10000,Auto trade,XTX,PAS,S
20170814T091035,2.74,20000,Auto trade,NON,PAS,S
20170814T091035,2.74,6222,Auto trade,MSI,PAS,S
20170814T091035,2.74,7000,Auto trade,NON,PAS,S
20170814T091035,2.74,15229,Auto trade,DNM,PAS,B
20170814T091035,2.74,4771,Auto trade,MSI,PAS,B
20170814T091035,2.74,10000,Auto trade,MSI,XTX,B
20170814T091035,2.74,3600,Auto trade,MSI,PAS,B
20170814T091036,2.74,10000,Auto trade,NON,PAS,B
20170814T091044,2.73,5656,Auto trade,XTX,DNM,S
20170814T091044,2.73,2843,Auto trade,NON,DNM,S
20170814T091047,2.74,500,Auto trade,PAS,PAS,
20170814T091054,2.73,2666,Auto trade,DNM,DNM,S
20170814T091054,2.73,1247,Auto trade,NON,DNM,S
20170814T091054,2.73,4367,Auto trade,PAS,DNM,S
20170814T091059,2.74,25000,Auto trade,PAS,PAS,
20170814T091104,2.73,30000,Auto trade,NON,NON,S
20170814T091104,2.73,4000,Auto trade,NON,NON,S
20170814T091104,2.73,7950,Auto trade,NON,NON,S
20170814T091104,2.73,8279,Auto trade,PAS,DNM,S
20170814T091105,2.73,12354,Auto trade,PAS,DNM,S
20170814T091105,2.73,10000,Auto trade,XTX,DNM,S
20170814T091105,2.73,646,Auto trade,MSI,DNM,S
20170814T091106,2.73,4054,Auto trade,MSI,PAS,S
20170814T091106,2.73,5771,Auto trade,MSI,PAS,S
20170814T091106,2.73,2050,Auto trade,NON,PAS,S
20170814T091106,2.73,7628,Auto trade,XTX,PAS,S
20170814T091107,2.73,2000,Auto trade,NON,PAS,B
20170814T091107,2.73,28497,Auto trade,MSI,PAS,B
20170814T091107,2.73,10000,Auto trade,MSI,XTX,B
20170814T091107,2.73,24006,Auto trade,MSI,DNM,B
20170814T091109,2.72,1000,Auto trade,NTF,PAS,S
20170814T091109,2.72,1000,Auto trade,NTF,PAS,S
20170814T091109,2.72,1000,Auto trade,NTF,PAS,S
20170814T091110,2.73,250,Auto trade,PAS,PAS,B
20170814T091110,2.73,750,Auto trade,XTX,PAS,B
20170814T091112,2.72,1000,Auto trade,NTF,PAS,S
20170814T091112,2.72,1000,Auto trade,NTF,PAS,S
20170814T091112,2.72,1000,Auto trade,NTF,PAS,S
20170814T091113,2.72,1000,Auto trade,NTF,PAS,S
20170814T091113,2.73,250,Auto trade,PAS,PAS,B
20170814T091119,2.73,750,Auto trade,NON,PAS,B
20170814T091119,2.73,4250,Auto trade,NON,DNM,B
20170814T091121,2.72,1000,Auto trade,NTF,PAS,S
20170814T091122,2.72,1000,Auto trade,NTF,PAS,S
20170814T091122,2.72,1000,Auto trade,NTF,PAS,S
20170814T091122,2.72,1000,Auto trade,NYE,PAS,S
20170814T091122,2.72,1000,Auto trade,NYE,PAS,S
20170814T091122,2.73,4000,Auto trade,SKBN,DNM,B
20170814T091124,2.73,943,Auto trade,DNM,DNM,B
20170814T091124,2.73,1000,Auto trade,DNM,PAS,B
20170814T091124,2.73,57,Auto trade,DNM,XTX,B
20170814T091125,2.73,1700,Auto trade,INT,DBL,B
20170814T091125,2.73,8300,Auto trade,INT,DNM,B
20170814T091127,2.72,1000,Auto trade,NYE,PAS,S
20170814T091127,2.72,1000,Auto trade,NYE,PAS,S
20170814T091127,2.72,1000,Auto trade,NYE,PAS,S
20170814T091128,2.72,1000,Auto trade,NYE,PAS,S
20170814T091128,2.72,1000,Auto trade,NYE,PAS,S
20170814T091128,2.72,1000,Auto trade,NYE,PAS,S
20170814T091128,2.73,10000,Auto trade,CAR,XTX,B
20170814T091128,2.73,1000,Auto trade,CAR,PAS,S
20170814T091128,2.73,1000,Auto trade,CAR,PAS,S
20170814T091131,2.73,8000,Auto trade,CAR,NYE,S
20170814T091131,2.74,500,Auto trade,PAS,PAS,
20170814T091133,2.73,1000,Auto trade,CAR,PAS,S
20170814T091133,2.73,1000,Auto trade,CAR,PAS,S
20170814T091133,2.73,1000,Auto trade,CAR,PAS,S
20170814T091139,2.74,5656,Auto trade,PAS,XTX,B
20170814T091139,2.74,30000,Auto trade,PAS,NON,B
20170814T091139,2.74,10000,Auto trade,PAS,NON,B
20170814T091139,2.74,11889,Auto trade,PAS,DNM,B
20170814T091142,2.75,500,Auto trade,PAS,PAS,B
20170814T091148,2.74,6000,Auto trade,SHB,NTF,S
20170814T091148,2.74,44000,Auto trade,DBL,NTF,B
20170814T091150,2.74,11192,Auto trade,PAS,DNM,B
20170814T091156,2.75,500,Auto trade,PAS,PAS,B
20170814T091200,2.75,384966,Auto trade,DNM,DNM,B
20170814T091200,2.75,81600,Auto trade,DNM,NOE,B
20170814T091200,2.75,25000,Auto trade,DNM,NTF,B
20170814T091200,2.75,500,Auto trade,DNM,XTX,B
20170814T091200,2.75,300,Auto trade,DNM,NON,B
20170814T091200,2.75,30000,Auto trade,DNM,NON,B
20170814T091200,2.75,24000,Auto trade,DNM,PAS,B
20170814T091200,2.75,500,Auto trade,DNM,NON,B
20170814T091200,2.75,132438,Auto trade,DNM,NOE,
20170814T091202,2.76,5000,Auto trade,PAS,NON,B
20170814T091202,2.76,30000,Auto trade,PAS,NON,B
20170814T091202,2.76,8449,Auto trade,PAS,DNM,B
20170814T091202,2.76,8321,Auto trade,PAS,XTX,B
20170814T091203,2.77,2500,Auto trade,PAS,NON,B
20170814T091205,2.77,394,Auto trade,NOE,NON,B
20170814T091205,2.77,15000,Auto trade,NOE,SKBN,B
20170814T091205,2.77,30000,Auto trade,NOE,NON,B
20170814T091205,2.77,10900,Auto trade,NOE,MSI,B
20170814T091205,2.78,25000,Auto trade,NOE,PAS,B
20170814T091205,2.78,18706,Auto trade,NOE,NON,B
20170814T091206,2.77,5129,Auto trade,XTX,PAS,S
20170814T091208,2.77,4178,Auto trade,XTX,PAS,S
20170814T091208,2.77,19188,Auto trade,MSI,PAS,S
20170814T091208,2.77,1634,Auto trade,NON,PAS,B
20170814T091208,2.77,4178,Auto trade,NON,XTX,B
20170814T091208,2.77,24188,Auto trade,NON,MSI,S
20170814T091209,2.78,500,Auto trade,PAS,NON,B
20170814T091221,2.76,203,Auto trade,MSI,MSI,S
20170814T091224,2.77,13080,Auto trade,DNM,DNM,B
20170814T091224,2.77,50000,Auto trade,DNM,NTF,B
20170814T091224,2.78,250,Auto trade,PAS,NON,B
20170814T091226,2.78,10000,Auto trade,NON,NON,B
20170814T091231,2.78,544,Auto trade,DNM,NON,B
20170814T091231,2.78,26736,Auto trade,DNM,NON,B
20170814T091231,2.78,3264,Auto trade,DNM,NON,B
20170814T091231,2.78,625,Auto trade,DNM,NON,B
20170814T091231,2.78,11340,Auto trade,DNM,NON,B
20170814T091231,2.78,8660,Auto trade,XTX,NON,B
20170814T091226,2.78,50000,Official,NMBR,DNM,
20170814T091238,2.78,10000,Auto trade,NON,MSI,S
20170814T091245,2.78,13776,Auto trade,NON,DNM,B
20170814T091245,2.78,5224,Auto trade,NON,NRD,B
20170814T091245,2.78,3103,Auto trade,XTX,NRD,B
20170814T091245,2.78,602,Auto trade,XTX,NRD,B
20170814T091245,2.78,1049,Auto trade,XTX,NRD,B
20170814T091245,2.78,818,Auto trade,XTX,NRD,B
20170814T091253,2.78,2193,Auto trade,PAS,NRD,B
20170814T091253,2.78,307,Auto trade,PAS,DNM,B
20170814T091254,2.78,8676,Auto trade,PAS,DNM,B
20170814T091254,2.78,20000,Auto trade,PAS,NTF,B
20170814T091258,2.79,250,Auto trade,PAS,SKBN,B
20170814T091259,2.79,69440,Auto trade,DNM,DNM,B
20170814T091259,2.79,4948,Auto trade,DNM,SKBN,B
20170814T091259,2.79,20000,Auto trade,DNM,NON,B
20170814T091259,2.79,30000,Auto trade,DNM,NON,B
20170814T091259,2.79,3071,Auto trade,DNM,NON,B
20170814T091259,2.79,5129,Auto trade,DNM,XTX,B
20170814T091259,2.79,10400,Auto trade,DNM,MSI,B
20170814T091259,2.79,43492,Auto trade,DNM,NRD,B
20170814T091300,2.79,1000,Auto trade,NON,NRD,B
20170814T091302,2.79,1000,Auto trade,NON,NRD,B
20170814T091310,2.79,20000,Auto trade,SB1M,NTF,B
20170814T091313,2.79,250,Auto trade,PAS,PAS,B
20170814T091314,2.79,28426,Auto trade,SKBN,PAS,B
20170814T091314,2.79,18000,Auto trade,SKBN,NTF,B
20170814T091314,2.8,38574,Auto trade,SKBN,SKBN,B
20170814T091314,2.79,2660,Auto trade,XTX,MSI,S
20170814T091316,2.8,500,Auto trade,PAS,DNM,B
20170814T091324,2.79,5000,Auto trade,SB1M,NON,B
20170814T091325,2.78,20000,Auto trade,NON,NON,S
20170814T091325,2.78,30000,Auto trade,NON,NON,S
20170814T091325,2.78,20000,Auto trade,NON,NON,S
20170814T091325,2.78,1000,Auto trade,NON,NON,S
20170814T091325,2.78,30000,Auto trade,NON,NON,S
20170814T091325,2.78,6892,Auto trade,XTX,NON,S
20170814T091325,2.78,1650,Auto trade,DNM,NON,S
20170814T091325,2.78,1492,Auto trade,DNM,NON,S
20170814T091325,2.78,963,Auto trade,DNM,NON,S
20170814T091325,2.78,16765,Auto trade,MSI,NON,S
20170814T091325,2.78,13486,Auto trade,CSB,NON,S
20170814T091325,2.78,7752,Auto trade,CSB,NON,B
20170814T091325,2.78,10000,Auto trade,CSB,XTX,B
20170814T091325,2.78,3784,Auto trade,CSB,XTX,B
20170814T091329,2.77,10000,Auto trade,XTX,NRD,S
20170814T091329,2.77,5451,Auto trade,NON,NRD,S
20170814T091338,2.78,250,Auto trade,PAS,NTF,B
20170814T091345,2.78,25973,Auto trade,DNM,DNM,B
20170814T091345,2.78,49750,Auto trade,DNM,NTF,B
20170814T091345,2.78,10000,Auto trade,DNM,XTX,B
20170814T091345,2.78,20000,Auto trade,DNM,NON,B
20170814T091345,2.78,119137,Auto trade,DNM,NRD,B
20170814T091345,2.78,43228,Auto trade,DNM,NON,B
20170814T091345,2.78,32910,Auto trade,DNM,NRD,
20170814T091345,2.78,12738,Auto trade,DNM,DNM,
20170814T091348,2.79,5000,Auto trade,NON,NON,
20170814T091348,2.79,250,Auto trade,PAS,NON,B
20170814T091348,2.79,26750,Auto trade,CSB,NON,B
20170814T091348,2.79,20000,Auto trade,CSB,NTF,B
20170814T091348,2.79,1292,Auto trade,CSB,NON,B
20170814T091351,2.79,41936,Auto trade,PAS,NON,B
20170814T091351,2.79,32000,Auto trade,PAS,NON,B
20170814T091351,2.79,26064,Auto trade,PAS,NON,
20170814T091351,2.79,4936,Auto trade,CSB,NON,B
20170814T091354,2.79,25000,Auto trade,DNM,NTF,S
20170814T091355,2.79,30000,Auto trade,NON,NON,S
20170814T091356,2.79,15500,Auto trade,DNM,NTF,S
20170814T091357,2.8,500,Auto trade,PAS,DNM,B
20170814T091422,2.79,180000,Auto trade,DNM,DNM,
20170814T091425,2.79,8244,Auto trade,DNM,DNM,
20170814T091428,2.8,49698,Auto trade,MLI,DNM,B
20170814T091428,2.8,7564,Auto trade,MLI,NRD,B
20170814T091429,2.8,50,Auto trade,PAS,NRD,B
20170814T091436,2.8,10000,Auto trade,NON,NON,B
20170814T091445,2.79,100000,Auto trade,DNM,PAS,S
20170814T091446,2.79,15863,Auto trade,DNM,PAS,S
20170814T091446,2.79,20000,Auto trade,NON,PAS,S
20170814T091446,2.79,1584,Auto trade,DNM,PAS,S
20170814T091446,2.79,1,Auto trade,AVA,PAS,S
20170814T091446,2.79,5416,Auto trade,MSI,PAS,S
20170814T091446,2.79,4000,Auto trade,NON,PAS,S
20170814T091446,2.79,5000,Auto trade,NON,PAS,S
20170814T091446,2.79,31500,Auto trade,MSI,PAS,S
20170814T091446,2.79,2093,Auto trade,DNM,PAS,S
20170814T091446,2.79,14543,Auto trade,DNM,PAS,
20170814T091446,2.79,48010,Auto trade,DNM,MSI,S
20170814T091446,2.79,14120,Auto trade,DNM,XTX,S
20170814T091448,2.79,8589,Auto trade,DNM,DNM,
20170814T091450,2.8,250,Auto trade,PAS,NRD,B
20170814T091451,2.79,50000,Auto trade,MLI,NTF,B
20170814T091451,2.79,6943,Auto trade,BCSL,DNM,S
20170814T091455,2.79,9000,Auto trade,NON,NTF,B
20170814T091500,2.79,10178,Auto trade,NON,NON,B
20170814T091500,2.79,21000,Auto trade,NON,NTF,B
20170814T091500,2.79,12050,Auto trade,NON,DNM,B
20170814T091500,2.78,4000,Auto trade,XTX,SKBN,S
20170814T091501,2.79,100,Auto trade,AVA,DNM,B
20170814T091504,2.78,1000,Auto trade,XTX,PAS,S
20170814T091507,2.79,250,Auto trade,PAS,DNM,B
20170814T091518,2.79,11199,Auto trade,NRD,DNM,B
20170814T091518,2.79,10000,Auto trade,NRD,XTX,B
20170814T091518,2.79,1000,Auto trade,NRD,PAS,B
20170814T091518,2.79,50000,Auto trade,NRD,NTF,B
20170814T091518,2.8,8136,Auto trade,NRD,NRD,B
20170814T091518,2.8,19665,Auto trade,NRD,NRD,
20170814T091520,2.78,1000,Auto trade,XTX,PAS,S
20170814T091525,2.79,250,Auto trade,PAS,DNM,B
20170814T091525,2.79,4826,Auto trade,FEF,DNM,B
20170814T091525,2.79,17493,Auto trade,FEF,DNM,B
20170814T091525,2.79,5000,Auto trade,FEF,DNM,S
20170814T091525,2.79,5256,Auto trade,FEF,DNM,
20170814T091526,2.79,1000,Auto trade,FEF,PAS,S
20170814T091527,2.79,1000,Auto trade,FEF,PAS,S
20170814T091527,2.79,1000,Auto trade,FEF,PAS,S
20170814T091529,2.8,500,Auto trade,PAS,SKBN,B
20170814T091535,2.8,36299,Auto trade,PAS,SKBN,B
20170814T091535,2.8,10153,Auto trade,PAS,DNM,B
20170814T091535,2.8,11107,Auto trade,PAS,NON,B
20170814T091535,2.8,34771,Auto trade,PAS,DNM,B
20170814T091535,2.8,1600,Auto trade,PAS,NON,B
20170814T091535,2.8,75000,Auto trade,PAS,SHB,B
20170814T091535,2.8,8000,Auto trade,PAS,DNM,B
20170814T091535,2.8,29847,Auto trade,PAS,DNM,B
20170814T091535,2.8,500,Auto trade,PAS,NON,B
20170814T091535,2.8,5844,Auto trade,PAS,NTF,B
20170814T091535,2.8,15600,Auto trade,PAS,CAR,B
20170814T091535,2.8,24408,Auto trade,PAS,DNM,B
20170814T091535,2.8,50000,Auto trade,PAS,SKBN,B
20170814T091535,2.8,2871,Auto trade,PAS,SB1M,B
20170814T091536,2.8,7120,Auto trade,NTF,SB1M,B
20170814T091536,2.8,19953,Auto trade,NTF,CAR,B
20170814T091536,2.8,72927,Auto trade,NTF,ARC,B
20170814T091536,2.8,150,Auto trade,NON,NON,B
20170814T091536,2.8,10000,Auto trade,NON,NON,B
20170814T091536,2.8,20000,Auto trade,NON,NON,B
20170814T091536,2.8,13078,Auto trade,NON,ARC,B
20170814T091537,2.8,13995,Auto trade,NON,ARC,B
20170814T091537,2.8,1100,Auto trade,NON,DBL,B
20170814T091537,2.8,942,Auto trade,NON,DNM,B
20170814T091537,2.8,14924,Auto trade,NON,DNM,B
20170814T091537,2.8,12267,Auto trade,NON,NRD,B
20170814T091537,2.8,21700,Auto trade,NON,NRD,B
20170814T091537,2.8,3500,Auto trade,NON,DNM,B
20170814T091537,2.8,18028,Auto trade,NON,DNM,B
20170814T091537,2.8,43228,Auto trade,NON,DNM,B
20170814T091537,2.8,38744,Auto trade,PAS,DNM,B
20170814T091537,2.8,15263,Auto trade,PAS,CAR,B
20170814T091537,2.8,2129,Auto trade,PAS,DNM,B
20170814T091537,2.8,10153,Auto trade,PAS,DNM,B
20170814T091537,2.8,10153,Auto trade,PAS,DNM,B
20170814T091537,2.8,20432,Auto trade,PAS,CAR,B
20170814T091537,2.8,100000,Auto trade,PAS,ARC,B
20170814T091537,2.8,5076,Auto trade,PAS,DNM,B
20170814T091537,2.8,33967,Auto trade,PAS,NRD,B
20170814T091537,2.8,32000,Auto trade,PAS,NON,B
20170814T091537,2.8,8419,Auto trade,PAS,DNM,
20170814T091537,2.8,18779,Auto trade,PAS,ARC,
20170814T091537,2.8,1242,Auto trade,PAS,NRD,
20170814T091537,2.8,879,Auto trade,PAS,NON,
20170814T091537,2.8,25012,Auto trade,XTX,DNM,B
20170814T091537,2.8,21115,Auto trade,XTX,DNM,B
20170814T091537,2.8,272,Auto trade,PAS,DNM,B
20170814T091538,2.8,53601,Auto trade,FEF,DNM,B
20170814T091538,2.8,100000,Auto trade,FEF,ARC,B
20170814T091538,2.8,33967,Auto trade,FEF,NRD,B
20170814T091538,2.8,32000,Auto trade,FEF,NON,B
20170814T091538,2.8,94855,Auto trade,FEF,DNM,
20170814T091538,2.8,233155,Auto trade,FEF,ARC,
20170814T091538,2.8,10621,Auto trade,FEF,NRD,
20170814T091538,2.8,6150,Auto trade,FEF,NON,
20170814T091538,2.8,6000,Auto trade,NTF,DNM,B
20170814T091539,2.8,94000,Auto trade,PAS,DNM,B
20170814T091539,2.8,6000,Auto trade,PAS,ARC,B
20170814T091539,2.8,5700,Auto trade,MSI,ARC,B
20170814T091540,2.8,500,Auto trade,PAS,ARC,B
20170814T091540,2.8,28971,Auto trade,NON,NON,B
20170814T091540,2.8,14257,Auto trade,NON,ARC,B
20170814T091540,2.8,7500,Auto trade,MSI,ARC,B
20170814T091552,2.8,31008,Auto trade,DNM,DNM,
20170814T091552,2.8,3700,Auto trade,MSI,ARC,B
20170814T091555,2.8,1000,Auto trade,NON,ARC,B
20170814T091555,2.79,43228,Auto trade,NON,NRD,S
20170814T091555,2.79,8349,Auto trade,XTX,NRD,S
20170814T091558,2.8,500,Auto trade,PAS,PAS,B
20170814T091607,2.79,17112,Auto trade,DNM,DNM,
20170814T091610,2.8,1000,Auto trade,NON,ARC,B
20170814T091614,2.8,239283,Auto trade,DNM,DNM,
20170814T091615,2.79,1651,Auto trade,XTX,PAS,S
20170814T091615,2.79,5882,Auto trade,MSI,PAS,S
20170814T091615,2.79,1433,Auto trade,DNM,PAS,S
20170814T091615,2.79,4000,Auto trade,NON,PAS,S
20170814T091615,2.79,43228,Auto trade,NON,PAS,S
20170814T091615,2.79,2622,Auto trade,CSB,PAS,S
20170814T091615,2.79,5540,Auto trade,MSI,PAS,S
20170814T091615,2.79,1520,Auto trade,DNM,PAS,S
20170814T091615,2.79,33624,Auto trade,MLI,PAS,B
20170814T091615,2.78,4000,Auto trade,XTX,PAS,S
20170814T091615,2.78,49000,Auto trade,NON,PAS,S
20170814T091615,2.78,20000,Auto trade,SKBN,PAS,S
20170814T091615,2.78,27000,Auto trade,NON,PAS,S
20170814T091615,2.78,10000,Auto trade,NON,NON,S
20170814T091618,2.79,250,Auto trade,PAS,NTF,B
20170814T091618,2.79,21800,Auto trade,MSI,NTF,B
20170814T091623,2.79,14824,Auto trade,DNM,DNM,B
20170814T091624,2.79,77950,Auto trade,FEF,NTF,B
20170814T091624,2.79,10000,Auto trade,FEF,XTX,B
20170814T091624,2.79,43228,Auto trade,FEF,NON,B
20170814T091624,2.79,18822,Auto trade,FEF,NON,B
20170814T091634,2.79,24406,Auto trade,MLI,NON,B
20170814T091634,2.79,10000,Auto trade,MLI,XTX,B
20170814T091634,2.79,50000,Auto trade,MLI,NTF,B
20170814T091637,2.79,150,Auto trade,NON,XTX,B
20170814T091642,2.79,9850,Auto trade,PAS,XTX,B
20170814T091642,2.79,150,Auto trade,PAS,DNM,B
20170814T091644,2.79,312,Auto trade,DNM,DNM,B
20170814T091646,2.79,10000,Auto trade,PAS,XTX,B
20170814T091648,2.79,9647,Auto trade,PAS,DNM,B
20170814T091651,2.8,250,Auto trade,PAS,PAS,B
20170814T091709,2.79,10000,Auto trade,NON,NON,S
20170814T091715,2.8,250,Auto trade,PAS,PAS,B
20170814T091718,2.79,3000,Auto trade,NON,NON,S
20170814T091718,2.79,223,Auto trade,PAS,MSI,S
20170814T091719,2.79,7000,Auto trade,NON,NON,S
20170814T091723,2.8,250,Auto trade,PAS,PAS,B
20170814T091724,2.79,10000,Auto trade,DNM,DNM,S
20170814T091724,2.79,1777,Auto trade,DNM,DNM,S
20170814T091724,2.79,130,Auto trade,PAS,DNM,S
20170814T091724,2.79,3750,Auto trade,XTX,DNM,S
20170814T091725,2.79,5000,Auto trade,NON,NON,S
20170814T091725,2.79,1000,Auto trade,NON,NON,S
20170814T091725,2.79,4000,Auto trade,NON,NON,S
20170814T091725,2.79,6250,Auto trade,XTX,NON,S
20170814T091725,2.79,25900,Auto trade,MSI,NON,S
20170814T091725,2.79,6081,Auto trade,MSI,NON,S
20170814T091726,2.79,1769,Auto trade,DNM,NON,B
20170814T091726,2.79,10000,Auto trade,DNM,XTX,B
20170814T091728,2.8,250,Auto trade,PAS,PAS,B
20170814T091721,2.8,19162,Official,NMBR,DNM,
20170814T091748,2.8,49000,Auto trade,PAS,PAS,B
20170814T091748,2.8,1000,Auto trade,PAS,DNM,B
20170814T091755,2.8,3450,Auto trade,NON,NON,B
20170814T091806,2.8,30000,Auto trade,NTF,NTF,B
20170814T091806,2.8,70000,Auto trade,NTF,DNM,B
20170814T091807,2.8,50000,Auto trade,PAS,PAS,B
20170814T091807,2.79,1000,Auto trade,PAS,PAS,S
20170814T091807,2.79,15879,Auto trade,DNM,PAS,S
20170814T091807,2.79,10000,Auto trade,XTX,PAS,S
20170814T091807,2.79,1643,Auto trade,DNM,PAS,S
20170814T091807,2.79,15000,Auto trade,FEF,PAS,S
20170814T091807,2.79,6478,Auto trade,DNM,PAS,S
20170814T091808,2.8,6390,Auto trade,NTF,DNM,B
20170814T091809,2.8,22610,Auto trade,PAS,DNM,B
20170814T091809,2.8,27390,Auto trade,PAS,CAR,B
20170814T091809,2.8,5100,Auto trade,MSI,CAR,B
20170814T091809,2.8,46550,Auto trade,NON,NON,B
20170814T091809,2.8,140000,Auto trade,NON,NON,B
20170814T091809,2.8,2500,Auto trade,NON,NON,B
20170814T091809,2.8,10950,Auto trade,NON,NON,B
20170814T091810,2.8,25604,Auto trade,DNM,DNM,
20170814T091814,2.8,4300,Auto trade,MSI,CAR,B
20170814T091825,2.8,13210,Auto trade,NTF,CAR,B
20170814T091825,2.8,19738,Auto trade,NTF,CAR,B
20170814T091825,2.8,46822,Auto trade,NTF,NRD,B
20170814T091825,2.8,10500,Auto trade,NTF,DBL,B
20170814T091825,2.8,13216,Auto trade,NTF,NON,B
20170814T091825,2.8,76514,Auto trade,NTF,DNM,B
20170814T091828,2.8,23486,Auto trade,NTF,DNM,B
20170814T091828,2.8,1514,Auto trade,NTF,PAS,B
20170814T091836,2.8,500,Auto trade,PAS,PAS,B
20170814T091838,2.8,250,Auto trade,NON,NON,B
20170814T091843,2.79,16940,Auto trade,DNM,DNM,S
20170814T091849,2.8,250,Auto trade,PAS,PAS,B
20170814T091845,2.79,15000,Official,NMBR,DNM,
20170814T091916,2.79,15000,Auto trade,FEF,PAS,S
20170814T091916,2.79,215,Auto trade,NON,PAS,S
20170814T091916,2.79,5693,Auto trade,MSI,PAS,S
20170814T091916,2.79,16900,Auto trade,MSI,PAS,S
20170814T091916,2.79,2757,Auto trade,DNM,PAS,S
20170814T091916,2.79,8997,Auto trade,DNM,PAS,S
20170814T091916,2.79,20000,Auto trade,FEF,PAS,
20170814T091916,2.79,7231,Auto trade,BCSL,PAS,B
20170814T091919,2.79,29000,Auto trade,SKBN,PAS,B
20170814T091920,2.79,4300,Auto trade,MSI,PAS,B
20170814T091934,2.79,350,Auto trade,DNM,DNM,B
20170814T091955,2.78,8729,Auto trade,DNM,DNM,S
20170814T092001,2.78,10000,Auto trade,XTX,PAS,S
20170814T092001,2.78,30000,Auto trade,NRD,PAS,S
20170814T092001,2.78,1000,Auto trade,NON,PAS,S
20170814T092001,2.78,1271,Auto trade,DNM,PAS,S
20170814T092001,2.78,10000,Auto trade,NON,PAS,S
20170814T092001,2.78,1500,Auto trade,SKBN,PAS,S
20170814T092001,2.78,5600,Auto trade,MSI,PAS,S
20170814T092001,2.78,1236,Auto trade,DNM,PAS,S
20170814T092001,2.78,9160,Auto trade,DNM,PAS,S
20170814T092001,2.78,98315,Auto trade,DNM,PAS,S
20170814T092001,2.78,50000,Auto trade,FEF,PAS,S
20170814T092001,2.78,10000,Auto trade,MLI,XTX,B
20170814T092001,2.78,5251,Auto trade,DNM,PAS,B
20170814T092001,2.79,3800,Auto trade,MSI,PAS,B
20170814T092005,2.78,8417,Auto trade,NON,DNM,S
20170814T092006,2.78,14843,Auto trade,NON,PAS,S
20170814T092013,2.79,250,Auto trade,PAS,XTX,B
20170814T092023,2.78,26740,Auto trade,NON,PAS,S
20170814T092023,2.78,6123,Auto trade,MSI,PAS,S
20170814T092023,2.78,9711,Auto trade,DNM,PAS,S
20170814T092023,2.78,7426,Auto trade,XTX,PAS,S
20170814T092023,2.78,34998,Auto trade,FEF,MSI,S
20170814T092024,2.78,15002,Auto trade,FEF,PAS,S
20170814T092024,2.78,5000,Auto trade,NON,PAS,S
20170814T092024,2.78,2208,Auto trade,DNM,PAS,S
20170814T092039,2.77,10000,Auto trade,NON,NTF,S
20170814T092039,2.77,30000,Auto trade,SKBN,NTF,S
20170814T092039,2.77,16000,Auto trade,NON,NTF,S
20170814T092039,2.77,4600,Auto trade,MSI,NTF,S
20170814T092039,2.77,20000,Auto trade,PAS,NTF,S
20170814T092039,2.77,19400,Auto trade,PAS,NTF,S
20170814T092043,2.78,250,Auto trade,PAS,PAS,
20170814T092045,2.78,320,Auto trade,SKBN,PAS,B
20170814T092101,2.77,600,Auto trade,PAS,NON,S
20170814T092101,2.77,20000,Auto trade,PAS,NON,S
20170814T092101,2.77,19400,Auto trade,PAS,NON,S
20170814T092101,2.77,183,Auto trade,MSI,MSI,S
20170814T092104,2.77,8539,Auto trade,DNM,DNM,S
20170814T092105,2.78,15,Auto trade,PAS,PAS,
20170814T092112,2.78,3000,Auto trade,NTF,PAS,B
20170814T092113,2.77,600,Auto trade,PAS,NON,S
20170814T092113,2.77,1049,Auto trade,DNM,NON,S
20170814T092113,2.77,4955,Auto trade,MSI,NON,S
20170814T092113,2.77,20000,Auto trade,PAS,NON,S
20170814T092113,2.77,20000,Auto trade,PAS,NON,S
20170814T092113,2.77,9470,Auto trade,DNM,NON,S
20170814T092113,2.77,4601,Auto trade,XTX,NON,S
20170814T092113,2.77,10000,Auto trade,PAS,NON,
20170814T092113,2.77,10000,Auto trade,PAS,NON,
20170814T092113,2.77,10000,Auto trade,PAS,NON,
20170814T092115,2.76,1000,Auto trade,NON,PAS,S
20170814T092116,2.76,1000,Auto trade,NON,NON,S
20170814T092116,2.76,1000,Auto trade,NON,PAS,S
20170814T092116,2.76,1000,Auto trade,NON,PAS,S
20170814T092116,2.76,1000,Auto trade,NON,PAS,S
20170814T092116,2.76,1000,Auto trade,NON,PAS,S
20170814T092116,2.76,1000,Auto trade,NON,PAS,S
20170814T092120,2.77,150,Auto trade,NON,NON,B
20170814T092124,2.76,8830,Auto trade,NON,DNM,S
20170814T092125,2.77,9175,Auto trade,NON,NON,B
20170814T092125,2.77,12825,Auto trade,NON,NON,B
20170814T092131,2.76,8848,Auto trade,DNM,DNM,S
20170814T092139,2.76,8930,Auto trade,NON,DNM,S
20170814T092139,2.77,1000,Auto trade,NOE,XTX,B
20170814T092141,2.76,10000,Auto trade,NON,NTF,S
20170814T092147,2.76,1837,Auto trade,DNM,DNM,S
20170814T092147,2.76,7089,Auto trade,NON,DNM,S
20170814T092150,2.76,554,Auto trade,NON,MSI,S
20170814T092151,2.76,825,Auto trade,NON,NTF,S
20170814T092151,2.76,25000,Auto trade,FEF,NTF,S
20170814T092151,2.76,5000,Auto trade,NON,NTF,S
20170814T092151,2.76,1000,Auto trade,XTX,NTF,S
20170814T092151,2.76,25000,Auto trade,FEF,NTF,
20170814T092151,2.76,45000,Auto trade,NON,NTF,
20170814T092152,2.76,5000,Auto trade,PAS,NTF,B
20170814T092152,2.76,51000,Auto trade,PAS,NTF,
20170814T092155,2.76,22175,Auto trade,NTF,NTF,B
20170814T092155,2.76,3000,Auto trade,NTF,NON,B
20170814T092155,2.76,10000,Auto trade,NTF,XTX,B
20170814T092155,2.76,8243,Auto trade,NTF,DNM,B
20170814T092155,2.76,6582,Auto trade,NTF,DNM,B
20170814T092155,2.76,9418,Auto trade,MSI,DNM,B
20170814T092155,2.76,4784,Auto trade,MSI,XTX,B
20170814T092157,2.76,15121,Auto trade,PAS,NRD,S
20170814T092157,2.77,6000,Auto trade,PAS,XTX,B
20170814T092204,2.76,8800,Auto trade,DNM,DNM,S
20170814T092208,2.77,15,Auto trade,PAS,XTX,B
20170814T092213,2.76,4879,Auto trade,PAS,NRD,S
20170814T092213,2.76,10000,Auto trade,XTX,NRD,S
20170814T092213,2.76,5478,Auto trade,MSI,NRD,S
20170814T092213,2.76,7544,Auto trade,NON,NRD,S
20170814T092214,2.77,2985,Auto trade,DNM,XTX,B
20170814T092214,2.77,1175,Auto trade,DNM,NON,B
20170814T092214,2.77,14000,Auto trade,DNM,NON,B
20170814T092214,2.77,14000,Auto trade,DNM,NON,B
20170814T092214,2.77,20342,Auto trade,DNM,NRD,B
20170814T092214,2.77,14000,Auto trade,DNM,NON,B
20170814T092214,2.77,25000,Auto trade,DNM,NYE,B
20170814T092214,2.77,91906,Auto trade,DNM,NRD,
20170814T092217,2.78,250,Auto trade,PAS,PAS,
20170814T092218,2.77,8508,Auto trade,DNM,DNM,
20170814T092219,2.78,26618,Auto trade,DNM,DNM,B
20170814T092219,2.78,96680,Auto trade,DNM,PAS,B
20170814T092219,2.78,10000,Auto trade,DNM,XTX,B
20170814T092219,2.78,14000,Auto trade,DNM,NON,B
20170814T092219,2.78,20000,Auto trade,DNM,NON,B
20170814T092219,2.78,600,Auto trade,DNM,DBL,B
20170814T092219,2.78,44000,Auto trade,DNM,NON,B
20170814T092219,2.78,40000,Auto trade,DNM,NON,B
20170814T092219,2.78,80000,Auto trade,DNM,CAR,B
20170814T092219,2.78,8200,Auto trade,DNM,MSI,B
20170814T092219,2.78,15524,Auto trade,DNM,PAS,
20170814T092219,2.78,452462,Auto trade,DNM,CAR,
20170814T092220,2.78,11751,Auto trade,PAS,PAS,B
20170814T092220,2.78,68249,Auto trade,PAS,CAR,B
20170814T092220,2.78,11751,Auto trade,MLI,CAR,B
20170814T092220,2.78,10000,Auto trade,MLI,XTX,B
20170814T092220,2.78,10200,Auto trade,MLI,CAR,
20170814T092222,2.77,1291,Auto trade,DNM,DNM,S
20170814T092222,2.77,8709,Auto trade,NYE,DNM,S
20170814T092225,2.78,250,Auto trade,PAS,CAR,B
20170814T092229,2.77,16291,Auto trade,NYE,NRD,S
20170814T092229,2.77,10000,Auto trade,XTX,NRD,S
20170814T092229,2.77,12423,Auto trade,NON,NRD,S
20170814T092229,2.77,7577,Auto trade,NON,NON,S
20170814T092229,2.77,9065,Auto trade,DNM,NON,S
20170814T092229,2.77,10000,Auto trade,XTX,NON,S
20170814T092235,2.77,32358,Auto trade,FEF,NON,B
20170814T092235,2.77,15022,Auto trade,FEF,DNM,B
20170814T092235,2.77,2620,Auto trade,FEF,XTX,B
20170814T092247,2.78,250,Auto trade,PAS,CAR,B
20170814T092248,2.77,15000,Auto trade,PAS,NRD,S
20170814T092248,2.77,1290,Auto trade,DNM,NRD,S
20170814T092248,2.77,488,Auto trade,DNM,XTX,S
20170814T092248,2.77,7069,Auto trade,DNM,MSI,S
20170814T092257,2.78,15,Auto trade,PAS,CAR,B
20170814T092307,2.78,7870,Official,NMBR,DNM,
20170814T092307,2.78,7130,Official,NMBR,DNM,
20170814T092325,2.77,8548,Auto trade,DNM,DNM,S
20170814T092325,2.77,503,Auto trade,PAS,DNM,S
20170814T092325,2.77,262,Auto trade,MSI,MSI,S
20170814T092327,2.78,9014,Auto trade,DNM,DNM,B
20170814T092327,2.78,14924,Auto trade,DNM,DNM,B
20170814T092327,2.78,79485,Auto trade,DNM,CAR,B
20170814T092327,2.78,15122,Auto trade,DNM,NYE,B
20170814T092327,2.78,5076,Auto trade,DNM,NYE,B
20170814T092327,2.78,4802,Auto trade,DNM,NYE,B
20170814T092327,2.78,15198,Auto trade,DNM,NRD,B
20170814T092322,2.78,22870,Official,NMBR,DNM,
20170814T092331,2.78,80000,Auto trade,NON,CAR,B
20170814T092331,2.78,10000,Auto trade,NON,XTX,B
20170814T092331,2.78,2100,Auto trade,NON,DBL,B
20170814T092331,2.78,36065,Auto trade,NON,NRD,B
20170814T092331,2.78,9806,Auto trade,NON,DNM,B
20170814T092331,2.78,40390,Auto trade,NON,CAR,
20170814T092331,2.78,21639,Auto trade,NON,NRD,
20170814T092331,2.78,9806,Auto trade,XTX,CAR,B
20170814T092331,2.78,5224,Auto trade,XTX,CAR,B
20170814T092332,2.78,36918,Auto trade,PAS,CAR,B
20170814T092332,2.78,27833,Auto trade,PAS,NRD,B
20170814T092332,2.78,10000,Auto trade,PAS,XTX,B
20170814T092343,2.78,10000,Auto trade,PAS,NON,S
20170814T092343,2.78,60000,Auto trade,PAS,NON,S
20170814T092344,2.78,2645,Auto trade,DNM,DNM,S
20170814T092344,2.78,9967,Auto trade,DNM,DNM,S
20170814T092344,2.78,13537,Auto trade,PAS,DNM,S
20170814T092346,2.79,250,Auto trade,PAS,NTF,B
20170814T092347,2.79,1000,Auto trade,PAS,NTF,B
20170814T092351,2.78,13400,Auto trade,PAS,NON,S
20170814T092352,2.78,15748,Auto trade,PAS,SB1M,S
20170814T092353,2.78,9248,Auto trade,PAS,NON,S
20170814T092353,2.78,11353,Auto trade,MSI,NON,S
20170814T092353,2.78,25000,Auto trade,NYE,NON,S
20170814T092353,2.78,1477,Auto trade,CSB,NON,S
20170814T092353,2.78,43,Auto trade,CSB,NON,B
20170814T092353,2.78,34,Auto trade,CSB,NON,B
20170814T092353,2.78,10,Auto trade,CSB,NON,B
20170814T092353,2.78,3,Auto trade,CSB,NON,B
20170814T092354,2.78,2832,Auto trade,NRD,NON,B
20170814T092354,2.78,7168,Auto trade,NRD,NTF,B
20170814T092406,2.78,1000,Auto trade,PAS,NTF,B
20170814T092409,2.78,1000,Auto trade,PAS,NTF,B
20170814T092409,2.78,1000,Auto trade,PAS,NTF,B
20170814T092418,2.77,301,Auto trade,XTX,MSI,S
20170814T092419,2.77,50000,Auto trade,NON,PAS,S
20170814T092421,2.78,1000,Auto trade,PAS,NTF,B
20170814T092422,2.78,1000,Auto trade,PAS,NTF,B
20170814T092422,2.77,1241,Auto trade,DNM,DNM,S
20170814T092422,2.77,5000,Auto trade,NON,DNM,S
20170814T092422,2.77,5000,Auto trade,NON,DNM,S
20170814T092422,2.77,5259,Auto trade,MSI,DNM,S
20170814T092422,2.77,10000,Auto trade,XTX,DNM,S
20170814T092422,2.77,3500,Auto trade,MSI,DNM,S
20170814T092422,2.77,400,Auto trade,MSI,XTX,S
20170814T092422,2.77,3500,Auto trade,NON,XTX,S
20170814T092422,2.77,1500,Auto trade,NON,XTX,S
20170814T092422,2.77,1731,Auto trade,NON,XTX,
20170814T092422,2.77,400,Auto trade,NON,MSI,S
20170814T092423,2.78,10000,Auto trade,NON,NTF,B
20170814T092425,2.77,21000,Auto trade,NON,NON,
20170814T092430,2.77,9687,Auto trade,DNM,DNM,S
20170814T092430,2.77,322,Auto trade,NON,DNM,S
20170814T092430,2.77,4278,Auto trade,NON,DNM,S
20170814T092430,2.77,4232,Auto trade,NON,DNM,
20170814T092440,2.77,8904,Auto trade,DNM,DNM,S
20170814T092440,2.77,87,Auto trade,NON,DNM,S
20170814T092449,2.78,1000,Auto trade,PAS,NTF,B
20170814T092450,2.77,4913,Auto trade,NON,DNM,S
20170814T092450,2.77,1000,Auto trade,PAS,DNM,S
20170814T092450,2.77,2367,Auto trade,XTX,DNM,S
20170814T092452,2.78,1000,Auto trade,PAS,NTF,B
20170814T092500,2.77,1831,Auto trade,DNM,DNM,S
20170814T092500,2.77,6449,Auto trade,DNM,DNM,S
20170814T092506,2.78,1000,Auto trade,PAS,NTF,B
20170814T092506,2.77,4525,Auto trade,XTX,DNM,S
20170814T092506,2.77,1000,Auto trade,PAS,DNM,S
20170814T092506,2.77,1000,Auto trade,PAS,DNM,S
20170814T092506,2.77,4042,Auto trade,NON,DNM,S
20170814T092506,2.78,1000,Auto trade,PAS,NTF,B
20170814T092506,2.78,1000,Auto trade,PAS,NTF,B
20170814T092513,2.77,5958,Auto trade,NON,NON,S
20170814T092513,2.77,3037,Auto trade,NON,NON,S
20170814T092513,2.77,5158,Auto trade,MSI,NON,S
20170814T092513,2.77,5847,Auto trade,PAS,NON,S
20170814T092513,2.77,9886,Auto trade,PAS,DNM,S
20170814T092513,2.78,1000,Auto trade,PAS,XTX,B
20170814T092513,2.78,1000,Auto trade,PAS,XTX,B
20170814T092514,2.78,1000,Auto trade,PAS,XTX,B
20170814T092514,2.78,1000,Auto trade,PAS,XTX,B
20170814T092519,2.78,1000,Auto trade,PAS,XTX,B
20170814T092519,2.78,1000,Auto trade,PAS,XTX,B
20170814T092525,2.78,1000,Auto trade,PAS,XTX,B
20170814T092525,2.78,1000,Auto trade,PAS,XTX,B
20170814T092525,2.78,2000,Auto trade,MLI,XTX,B
20170814T092525,2.78,25000,Auto trade,MLI,NYE,B
20170814T092525,2.78,16238,Auto trade,MLI,DNM,B
20170814T092525,2.78,25693,Auto trade,MLI,NRD,B
20170814T092525,2.78,700,Auto trade,MLI,DBL,B
20170814T092525,2.78,5000,Auto trade,MLI,SB1M,B
20170814T092525,2.78,5000,Auto trade,MLI,DNM,B
20170814T092525,2.78,10700,Auto trade,MSI,NRD,B
20170814T092525,2.78,4908,Auto trade,XTX,NRD,B
20170814T092525,2.78,3748,Auto trade,XTX,NRD,B
20170814T092525,2.78,1000,Auto trade,PAS,NRD,B
20170814T092525,2.78,1000,Auto trade,PAS,NRD,B
20170814T092525,2.78,1000,Auto trade,PAS,NRD,B
20170814T092529,2.78,2553,Auto trade,DNM,DNM,B
20170814T092536,2.77,10000,Auto trade,PAS,NON,S
20170814T092544,2.78,10000,Auto trade,NON,PAS,B
20170814T092547,2.78,10000,Auto trade,NYE,PAS,B
20170814T092547,2.78,15000,Auto trade,NYE,PAS,
20170814T092549,2.79,1000,Auto trade,PAS,NTF,B
20170814T092549,2.79,1000,Auto trade,PAS,NTF,B
20170814T092552,2.79,1000,Auto trade,PAS,NTF,B
20170814T092552,2.79,1000,Auto trade,PAS,NTF,B
20170814T092553,2.79,1000,Auto trade,PAS,NTF,B
20170814T092605,2.78,192,Auto trade,MSI,MSI,S
20170814T092609,2.79,1000,Auto trade,PAS,NTF,B
20170814T092610,2.78,5092,Auto trade,XTX,PAS,S
20170814T092610,2.78,2535,Auto trade,DNM,PAS,S
20170814T092610,2.78,5783,Auto trade,MSI,PAS,S
20170814T092610,2.78,6200,Auto trade,MSI,PAS,S
20170814T092610,2.78,9292,Auto trade,DNM,PAS,S
20170814T092610,2.78,20000,Auto trade,MSI,PAS,B
20170814T092610,2.78,10000,Auto trade,MSI,XTX,B
20170814T092610,2.78,1421,Auto trade,MSI,PAS,
20170814T092610,2.78,1160,Auto trade,XTX,PAS,B
20170814T092610,2.78,18840,Auto trade,MSI,PAS,B
20170814T092612,2.78,20000,Auto trade,NTF,PAS,B
20170814T092612,2.78,30000,Auto trade,NTF,PAS,
20170814T092616,2.77,9955,Auto trade,DNM,DNM,S
20170814T092616,2.77,2804,Auto trade,PAS,DNM,S
20170814T092619,2.78,50,Auto trade,PAS,NON,B
20170814T092621,2.77,1800,Auto trade,XTX,PAS,S
20170814T092621,2.77,10000,Auto trade,NRD,PAS,S
20170814T092621,2.77,25000,Auto trade,NYE,PAS,S
20170814T092621,2.77,1200,Auto trade,NON,PAS,S
20170814T092621,2.77,16717,Auto trade,DBL,PAS,B
20170814T092621,2.77,5092,Auto trade,XTX,DNM,S
20170814T092624,2.78,50,Auto trade,PAS,PAS,B
20170814T092626,2.78,100,Auto trade,NON,NON,B
20170814T092632,2.77,25000,Auto trade,MLI,NYE,B
20170814T092644,2.76,13986,Auto trade,NON,DNM,S
20170814T092650,2.77,250,Auto trade,PAS,XTX,B
20170814T092652,2.76,3470,Auto trade,NON,DNM,S
20170814T092652,2.76,5301,Auto trade,XTX,DNM,S
20170814T092656,2.77,250,Auto trade,PAS,XTX,B
20170814T092705,2.76,2298,Auto trade,DNM,DNM,S
20170814T092705,2.76,4699,Auto trade,XTX,DNM,S
20170814T092705,2.76,7659,Auto trade,NYE,DNM,S
20170814T092710,2.77,2500,Auto trade,PAS,XTX,B
20170814T092714,2.77,4000,Auto trade,NON,XTX,B
20170814T092719,2.76,14541,Auto trade,NYE,DNM,S
20170814T092722,2.77,3000,Auto trade,NON,XTX,B
20170814T092722,2.77,10000,Auto trade,NON,NYE,B
20170814T092722,2.77,600,Auto trade,NON,DBL,B
20170814T092726,2.77,11400,Auto trade,NON,NYE,S
20170814T092726,2.77,600,Auto trade,DNM,NYE,S
20170814T092726,2.77,6892,Auto trade,DNM,XTX,S
20170814T092726,2.77,172,Auto trade,DNM,XTX,S
20170814T092726,2.77,7032,Auto trade,DNM,MSI,S
20170814T092727,2.78,250,Auto trade,PAS,PAS,B
20170814T092728,2.76,8061,Auto trade,DNM,DNM,S
20170814T092735,2.77,6000,Auto trade,NOE,XTX,B
20170814T092745,2.78,250,Auto trade,PAS,PAS,B
20170814T092803,2.77,8000,Auto trade,SHB,NON,S
20170814T092803,2.77,52000,Auto trade,NTF,NON,S
20170814T092803,2.77,215,Auto trade,MSI,MSI,S
20170814T092826,2.78,250,Auto trade,PAS,PAS,B
20170814T092843,2.77,20000,Auto trade,NTF,NTF,S
20170814T092846,2.77,5168,Auto trade,NTF,PAS,S
20170814T092846,2.77,18085,Auto trade,MSI,PAS,S
20170814T092846,2.77,17692,Auto trade,MSI,PAS,S
20170814T092846,2.77,2202,Auto trade,DNM,PAS,S
20170814T092846,2.77,6853,Auto trade,DNM,PAS,S
20170814T092857,2.78,1780,Auto trade,SKBN,NON,B
20170814T092858,2.77,2058,Auto trade,DNM,PAS,S
20170814T092858,2.77,1604,Auto trade,DNM,PAS,S
20170814T092858,2.77,5337,Auto trade,MSI,PAS,S
20170814T092858,2.77,4900,Auto trade,MSI,PAS,S
20170814T092858,2.77,10000,Auto trade,XTX,PAS,S
20170814T092858,2.77,18538,Auto trade,DNM,PAS,B
20170814T092858,2.77,1462,Auto trade,XTX,PAS,B
20170814T092910,2.76,1000,Auto trade,NTF,PAS,S
20170814T092911,2.76,1000,Auto trade,NTF,PAS,S
20170814T092911,2.76,1000,Auto trade,NTF,PAS,S
20170814T092911,2.76,1000,Auto trade,NTF,PAS,S
20170814T092913,2.77,360,Auto trade,SKBN,PAS,B
20170814T092922,2.76,1000,Auto trade,NTF,PAS,S
20170814T092928,2.76,1000,Auto trade,NTF,PAS,S
20170814T092930,2.77,5741,Auto trade,SB1M,PAS,B
20170814T092930,2.77,6259,Auto trade,SB1M,SHB,B
20170814T092932,2.76,12500,Auto trade,NTF,NTF,S
20170814T092932,2.76,13423,Auto trade,NON,NTF,S
20170814T092932,2.76,24077,Auto trade,SKBN,NTF,S
20170814T092933,2.76,1000,Auto trade,SKBN,PAS,S
20170814T092934,2.76,1000,Auto trade,SKBN,PAS,S
20170814T092934,2.76,1000,Auto trade,SKBN,PAS,S
20170814T092934,2.76,1000,Auto trade,SKBN,PAS,S
20170814T092934,2.76,1000,Auto trade,SKBN,PAS,S
20170814T092938,2.76,1000,Auto trade,SKBN,PAS,S
20170814T092938,2.76,1000,Auto trade,SKBN,PAS,S
20170814T092939,2.76,4000,Auto trade,NON,NON,S
20170814T092939,2.76,18000,Auto trade,NON,NON,S
20170814T092939,2.76,2100,Auto trade,NON,NON,S
20170814T092939,2.76,18923,Auto trade,SKBN,NON,S
20170814T092939,2.76,1079,Auto trade,DNM,NON,S
20170814T092939,2.76,5164,Auto trade,MSI,NON,S
20170814T092939,2.76,10000,Auto trade,XTX,NON,S
20170814T092939,2.76,4579,Auto trade,BCSL,NON,S
20170814T092939,2.76,5116,Auto trade,BCSL,NON,B
20170814T092940,2.75,500,Auto trade,NON,PAS,S
20170814T092940,2.75,500,Auto trade,DNM,PAS,S
20170814T092940,2.76,5000,Auto trade,NON,NON,B
20170814T092941,2.75,1000,Auto trade,DNM,PAS,S
20170814T092941,2.75,1000,Auto trade,DNM,PAS,S
20170814T092941,2.75,500,Auto trade,DNM,PAS,S
20170814T092941,2.75,500,Auto trade,NON,PAS,S
20170814T092941,2.76,26039,Auto trade,DNM,NON,B
20170814T092941,2.76,10000,Auto trade,DNM,XTX,B
20170814T092945,2.77,2128,Auto trade,NON,NON,B
20170814T092946,2.77,50000,Auto trade,NTF,SHB,B
20170814T092946,2.76,1000,Auto trade,DNM,PAS,S
20170814T092947,2.76,1000,Auto trade,DNM,PAS,S
20170814T092947,2.77,10000,Auto trade,DNM,SHB,B
20170814T092951,2.76,1000,Auto trade,DNM,PAS,S
20170814T092951,2.76,1000,Auto trade,DNM,PAS,S
20170814T092952,2.76,1000,Auto trade,DNM,PAS,S
20170814T093001,2.76,1000,Auto trade,DNM,PAS,S
20170814T093006,2.77,30000,Auto trade,NTF,SHB,B
20170814T093006,2.77,3741,Auto trade,DNM,SHB,B
20170814T093006,2.77,1135,Auto trade,DNM,PAS,B
20170814T093009,2.76,1000,Auto trade,DNM,PAS,S
20170814T093009,2.76,1000,Auto trade,DNM,PAS,S
20170814T093009,2.76,1000,Auto trade,DNM,PAS,S
20170814T093009,2.76,1000,Auto trade,DNM,PAS,S
20170814T093010,2.76,1000,Auto trade,DNM,PAS,S
20170814T093011,2.77,5328,Auto trade,DNM,PAS,B
20170814T093024,2.77,942,Auto trade,SKBN,SKBN,B
20170814T093032,2.77,12058,Auto trade,PAS,SKBN,B
20170814T093046,2.77,2405,Auto trade,PAS,NTF,S
20170814T093046,2.77,6055,Auto trade,MSI,NTF,S
20170814T093046,2.77,2423,Auto trade,DNM,NTF,S
20170814T093046,2.77,15001,Auto trade,DNM,NTF,S
20170814T093046,2.77,8841,Auto trade,DNM,NTF,S
20170814T093046,2.77,15275,Auto trade,MSI,NTF,S
20170814T093046,2.77,2325,Auto trade,MSI,MSI,S
20170814T093046,2.77,6422,Auto trade,DNM,XTX,B
20170814T093047,2.77,3578,Auto trade,DNM,XTX,B
20170814T093059,2.78,250,Auto trade,PAS,PAS,B
20170814T093108,2.77,10000,Auto trade,DNM,DNM,S
20170814T093108,2.77,20000,Auto trade,NON,NON,S
20170814T093108,2.77,14,Auto trade,DNM,NON,S
20170814T093108,2.77,8238,Auto trade,DNM,NON,S
20170814T093108,2.77,8538,Auto trade,XTX,NON,S
20170814T093108,2.77,5300,Auto trade,MSI,NON,S
20170814T093108,2.77,5691,Auto trade,MSI,NON,S
20170814T093108,2.77,1910,Auto trade,DNM,NON,S
20170814T093108,2.77,309,Auto trade,DNM,NON,B
20170814T093108,2.77,9966,Auto trade,DNM,XTX,B
20170814T093110,2.77,1000,Auto trade,DNM,PAS,S
20170814T093113,2.77,1000,Auto trade,DNM,PAS,S
20170814T093125,2.78,250,Auto trade,PAS,PAS,B
20170814T093128,2.77,1000,Auto trade,DNM,PAS,S
20170814T093128,2.77,1000,Auto trade,DNM,PAS,S
20170814T093141,2.77,578,Auto trade,DNM,NTF,S
20170814T093141,2.77,9713,Auto trade,DNM,NTF,S
20170814T093141,2.77,4400,Auto trade,MSI,NTF,S
20170814T093141,2.77,9966,Auto trade,XTX,NTF,S
20170814T093141,2.77,343,Auto trade,DNM,NTF,B
20170814T093141,2.77,7002,Auto trade,DNM,XTX,B
20170814T093144,2.77,1000,Auto trade,DNM,PAS,S
20170814T093144,2.78,500,Auto trade,PAS,PAS,B
20170814T093145,2.78,30570,Auto trade,NOE,NON,B
20170814T093145,2.78,4430,Auto trade,NOE,XTX,B
20170814T093146,2.77,1000,Auto trade,DNM,PAS,S
20170814T093146,2.77,1000,Auto trade,DNM,PAS,S
20170814T093147,2.77,1000,Auto trade,DNM,PAS,S
20170814T093150,2.78,10000,Auto trade,NON,NON,B
20170814T093150,2.78,10000,Auto trade,NON,NON,B
20170814T093152,2.78,48200,Auto trade,PAS,PAS,B
20170814T093152,2.78,5570,Auto trade,PAS,XTX,B
20170814T093152,2.78,25000,Auto trade,PAS,NYE,B
20170814T093152,2.78,49195,Auto trade,PAS,NRD,B
20170814T093152,2.78,35,Auto trade,PAS,NTF,B
20170814T093152,2.78,13174,Auto trade,XTX,NTF,B
20170814T093152,2.78,5291,Auto trade,XTX,NTF,B
20170814T093152,2.78,7002,Auto trade,XTX,MSI,S
20170814T093204,2.78,320,Auto trade,DNM,NRD,B
20170814T093205,2.78,1723,Auto trade,MSI,NRD,B
20170814T093210,2.79,250,Auto trade,PAS,PAS,B
20170814T093217,2.78,12128,Auto trade,NON,NON,S
20170814T093217,2.78,10877,Auto trade,MSI,NON,S
20170814T093217,2.78,14932,Auto trade,DNM,NON,S
20170814T093217,2.78,5546,Auto trade,MSI,NON,S
20170814T093217,2.78,6517,Auto trade,XTX,NON,S
20170814T093217,2.78,2654,Auto trade,DNM,MSI,S
20170814T093230,2.78,9528,Auto trade,DNM,DNM,S
20170814T093230,2.78,472,Auto trade,NON,DNM,S
20170814T093235,2.78,4500,Auto trade,MSI,CSB,S
20170814T093235,2.78,5637,Auto trade,MSI,CSB,S
20170814T093245,2.79,250,Auto trade,PAS,PAS,B
20170814T093317,2.78,10000,Auto trade,NTF,PAS,S
20170814T093323,2.79,50,Auto trade,PAS,PAS,B
20170814T093327,2.79,10000,Auto trade,NON,NON,B
20170814T093327,2.79,10000,Auto trade,NON,NTF,B
20170814T093337,2.78,1000,Auto trade,NTF,PAS,S
20170814T093340,2.79,20528,Auto trade,NON,NTF,B
20170814T093346,2.78,1000,Auto trade,NTF,PAS,S
20170814T093356,2.78,375,Auto trade,XTX,NTF,S
20170814T093356,2.78,1251,Auto trade,DNM,NTF,S
20170814T093356,2.78,4000,Auto trade,NON,NTF,S
20170814T093356,2.78,9197,Auto trade,DNM,NTF,S
20170814T093356,2.78,8000,Auto trade,NON,NTF,S
20170814T093356,2.78,2000,Auto trade,NON,NTF,S
20170814T093356,2.78,5780,Auto trade,MSI,NTF,S
20170814T093356,2.78,4100,Auto trade,MSI,NTF,S
20170814T093356,2.78,1955,Auto trade,DNM,NTF,S
20170814T093356,2.78,12500,Auto trade,DNM,NTF,S
20170814T093356,2.78,842,Auto trade,MSI,NTF,S
20170814T093357,2.78,15209,Auto trade,DNM,PAS,S
20170814T093352,2.79,350,Official,NMBR,DNM,
20170814T093403,2.78,400,Auto trade,NON,PAS,B
20170814T093405,2.78,15000,Auto trade,NON,PAS,B
20170814T093417,2.77,1000,Auto trade,XTX,PAS,S
20170814T093432,2.78,50000,Auto trade,NTF,PAS,B
20170814T093436,2.77,5000,Auto trade,NON,NON,S
20170814T093436,2.77,10000,Auto trade,NON,NON,S
20170814T093436,2.77,1950,Auto trade,NON,NON,S
20170814T093436,2.77,5000,Auto trade,NON,NON,S
20170814T093436,2.77,9000,Auto trade,XTX,NON,S
20170814T093436,2.77,9050,Auto trade,NTF,NON,S
20170814T093439,2.77,14000,Auto trade,NTF,NON,S
20170814T093448,2.78,280,Auto trade,NON,NON,B
20170814T093454,2.77,10000,Auto trade,NTF,PAS,S
20170814T093533,2.78,250,Auto trade,PAS,PAS,B
20170814T093537,2.77,8050,Auto trade,NTF,SKBN,S
20170814T093545,2.78,1000,Auto trade,PAS,PAS,B
20170814T093545,2.78,1000,Auto trade,PAS,PAS,B
20170814T093552,2.77,58900,Auto trade,NTF,NEO,S
20170814T093552,2.77,25000,Auto trade,NYE,NEO,S
20170814T093552,2.77,7493,Auto trade,DNM,NEO,S
20170814T093552,2.77,6607,Auto trade,DNM,NEO,S
20170814T093552,2.77,2000,Auto trade,DNM,NEO,S
20170814T093558,2.77,200,Auto trade,DNM,NYE,S
20170814T093604,2.78,1000,Auto trade,PAS,XTX,B
20170814T093600,2.78,1000,Official,NMBR,DNM,
20170814T093609,2.78,250,Auto trade,PAS,XTX,B
20170814T093620,2.78,8467,Auto trade,DNM,DNM,B
20170814T093624,2.78,500,Auto trade,PAS,XTX,B
20170814T093624,2.78,1200,Auto trade,NON,NON,B
20170814T093626,2.78,8250,Auto trade,PAS,XTX,B
20170814T093626,2.78,8520,Auto trade,PAS,NON,B
20170814T093626,2.78,5457,Auto trade,PAS,DNM,B
20170814T093626,2.78,7500,Auto trade,PAS,NON,B
20170814T093626,2.78,50000,Auto trade,PAS,SKBN,B
20170814T093626,2.78,10000,Auto trade,PAS,SB1M,B
20170814T093629,2.79,250,Auto trade,PAS,PAS,B
20170814T093631,2.78,10000,Auto trade,NON,NON,S
20170814T093631,2.78,4200,Auto trade,PAS,NON,S
20170814T093634,2.79,150,Auto trade,PAS,PAS,B
20170814T093639,2.79,5439,Auto trade,DNM,DNM,B
20170814T093639,2.79,3133,Auto trade,DNM,NTF,B
20170814T093657,2.79,9089,Auto trade,NTF,NTF,B
20170814T093657,2.79,25000,Auto trade,NTF,NTF,B
20170814T093657,2.79,3911,Auto trade,NTF,NTF,B
20170814T093658,2.79,3000,Auto trade,NON,NON,
20170814T093701,2.79,22100,Auto trade,MSI,NTF,B
20170814T093701,2.79,9900,Auto trade,DNM,NTF,B
20170814T093703,2.79,1089,Auto trade,MSI,NTF,B
20170814T093703,2.79,3911,Auto trade,MSI,SB1M,B
20170814T093708,2.78,3375000,Derivatives trade,CAR,SB1M,
20170814T093724,2.79,6089,Auto trade,DNM,SB1M,B
20170814T093724,2.79,2296,Auto trade,DNM,NON,B
20170814T093726,2.79,2000,Auto trade,NON,NON,
20170814T093730,2.79,1507,Auto trade,DNM,NON,B
20170814T093731,2.79,2000,Auto trade,NRD,NON,B
20170814T093732,2.79,17000,Auto trade,NON,NON,
20170814T093733,2.79,72197,Auto trade,NON,NON,B
20170814T093733,2.79,25000,Auto trade,NON,NON,B
20170814T093733,2.79,2803,Auto trade,NON,PAS,B
20170814T093735,2.79,500,Auto trade,NON,PAS,B
20170814T093743,2.79,3000,Auto trade,NON,PAS,B
20170814T093745,2.79,93297,Auto trade,PAS,PAS,B
20170814T093745,2.79,700,Auto trade,PAS,DBL,B
20170814T093745,2.79,2459,Auto trade,PAS,ASC,B
20170814T093745,2.79,1893,Auto trade,DNM,ASC,B
20170814T093810,2.78,1828,Auto trade,DNM,DNM,S
20170814T093810,2.78,1580,Auto trade,DNM,DNM,S
20170814T093810,2.78,11927,Auto trade,DNM,DNM,S
20170814T093810,2.78,1064,Auto trade,DNM,DNM,S
20170814T093810,2.78,1029,Auto trade,DNM,DNM,S
20170814T093810,2.78,9000,Auto trade,XTX,DNM,S
20170814T093810,2.78,22575,Auto trade,MSI,DNM,S
20170814T093810,2.78,5823,Auto trade,MSI,DNM,S
20170814T093810,2.78,610,Auto trade,NON,DNM,S
20170814T093810,2.78,5615,Auto trade,MSI,DNM,S
20170814T093810,2.78,6723,Auto trade,MLI,ASC,B
20170814T093810,2.78,2359,Auto trade,MSI,ASC,B
20170814T093810,2.78,15441,Auto trade,MSI,DNM,S
20170814T093817,2.77,10000,Auto trade,DNM,PAS,S
20170814T093817,2.77,2157,Auto trade,DNM,ASC,S
20170814T093819,2.77,10000,Auto trade,DNM,PAS,S
20170814T093819,2.77,2973,Auto trade,DNM,ASC,S
20170814T093822,2.78,15,Auto trade,PAS,ASC,B
20170814T093822,2.77,1510,Auto trade,DNM,ASC,S
20170814T093825,2.78,15,Auto trade,PAS,ASC,B
20170814T093832,2.78,3502,Auto trade,ASC,ASC,B
20170814T093832,2.78,4703,Auto trade,ASC,ASC,B
20170814T093832,2.78,1795,Auto trade,ASC,DNM,B
20170814T093838,2.78,30000,Auto trade,NON,DNM,B
20170814T093848,2.78,5000,Auto trade,NON,DNM,B
20170814T093849,2.78,4000,Auto trade,NTF,DNM,B
20170814T093854,2.78,2200,Auto trade,NTF,DNM,B
20170814T093910,2.78,2330,Auto trade,NON,DNM,B
20170814T093913,2.78,150000,Auto trade,SB1M,DNM,B
20170814T093913,2.77,6160,Auto trade,DNM,ASC,S
20170814T093913,2.77,100,Auto trade,NON,ASC,S
20170814T093913,2.77,5000,Auto trade,NON,ASC,S
20170814T093913,2.77,8476,Auto trade,DNM,ASC,S
20170814T093925,2.78,5000,Auto trade,NON,DNM,B
20170814T093958,2.77,1000,Auto trade,DNM,PAS,S
20170814T094006,2.78,3000,Auto trade,NON,DNM,B
20170814T094006,2.78,3200,Auto trade,NON,DNM,B
20170814T094018,2.77,1000,Auto trade,DNM,PAS,S
20170814T094019,2.77,1061,Auto trade,DNM,PAS,S
20170814T094019,2.77,250,Auto trade,NON,PAS,S
20170814T094019,2.77,37000,Auto trade,NTF,PAS,S
20170814T094019,2.77,5349,Auto trade,MSI,PAS,S
20170814T094019,2.77,1000,Auto trade,XTX,PAS,S
20170814T094019,2.77,1697,Auto trade,DNM,PAS,S
20170814T094019,2.77,3500,Auto trade,NON,PAS,S
20170814T094019,2.77,5220,Auto trade,MSI,PAS,S
20170814T094019,2.77,35000,Auto trade,DNM,PAS,S
20170814T094019,2.77,2207,Auto trade,DNM,PAS,S
20170814T094019,2.77,5284,Auto trade,MSI,PAS,S
20170814T094019,2.77,38951,Auto trade,DNM,PAS,
20170814T094019,2.77,35000,Auto trade,DNM,MSI,S
20170814T094019,2.77,11556,Auto trade,DNM,MSI,
20170814T094019,2.77,7491,Auto trade,DNM,XTX,S
20170814T094019,2.77,7491,Auto trade,DNM,XTX,S
20170814T094019,2.77,14203,Auto trade,DNM,XTX,S
20170814T094019,2.77,5815,Auto trade,DNM,MSI,S
20170814T094019,2.77,14203,Auto trade,DNM,MSI,
20170814T094019,2.77,5815,Auto trade,DNM,XTX,S
20170814T094019,2.77,1436,Auto trade,DNM,XTX,S
20170814T094019,2.77,6293,Auto trade,MLI,XTX,B
20170814T094019,2.76,25000,Auto trade,NON,ASC,S
20170814T094019,2.76,2427,Auto trade,NYE,ASC,S
20170814T094019,2.76,3901,Auto trade,NYE,ASC,S
20170814T094019,2.77,7288,Auto trade,DNM,PAS,B
20170814T094020,2.77,3000,Auto trade,DNM,NON,B
20170814T094020,2.76,1000,Auto trade,PAS,PAS,S
20170814T094020,2.77,2749,Auto trade,DNM,XTX,B
20170814T094021,2.77,1702,Auto trade,MSI,ASC,B
20170814T094021,2.78,150,Auto trade,PAS,PAS,B
20170814T094023,2.77,1000,Auto trade,MSI,PAS,S
20170814T094026,2.78,15,Auto trade,PAS,PAS,B
20170814T094026,2.77,5798,Auto trade,MSI,NYE,S
20170814T094026,2.77,530,Auto trade,DNM,NYE,S
20170814T094026,2.77,2357,Auto trade,DNM,ASC,S
20170814T094029,2.78,15,Auto trade,PAS,PAS,B
20170814T094031,2.77,1000,Auto trade,DNM,PAS,S
20170814T094035,2.77,7650,Auto trade,DNM,NTF,S
20170814T094035,2.77,2350,Auto trade,DNM,NTF,S
20170814T094035,2.77,9187,Auto trade,DNM,NTF,S
20170814T094035,2.77,3050,Auto trade,NON,NTF,S
20170814T094035,2.77,15000,Auto trade,PAS,NTF,S
20170814T094035,2.77,10000,Auto trade,XTX,NTF,S
20170814T094035,2.77,12763,Auto trade,DNM,NTF,S
20170814T094035,2.77,1578,Auto trade,DNM,XTX,S
20170814T094035,2.77,67,Auto trade,DNM,ASC,S
20170814T094035,2.77,2213,Auto trade,DNM,ASC,S
20170814T094035,2.77,5082,Auto trade,DNM,ASC,S
20170814T094038,2.77,1000,Auto trade,DNM,PAS,S
20170814T094044,2.78,15,Auto trade,PAS,PAS,B
20170814T094100,2.78,48466,Auto trade,PAS,DNM,B
20170814T094100,2.78,18644,Auto trade,PAS,CSB,B
20170814T094100,2.78,1649,Auto trade,PAS,ASC,B
20170814T094100,2.78,10000,Auto trade,PAS,XTX,B
20170814T094100,2.78,25000,Auto trade,PAS,NYE,B
20170814T094100,2.78,40000,Auto trade,PAS,NTF,B
20170814T094100,2.78,3159,Auto trade,PAS,CSB,B
20170814T094100,2.78,4113,Auto trade,PAS,ASC,B
20170814T094100,2.78,10000,Auto trade,PAS,NON,B
20170814T094100,2.77,8541,Auto trade,DNM,ASC,S
20170814T094100,2.77,7348,Auto trade,DNM,ASC,S
20170814T094102,2.78,151,Auto trade,MSI,CSB,B
20170814T094102,2.78,867,Auto trade,MSI,CSB,B
20170814T094102,2.78,6892,Auto trade,MSI,XTX,B
20170814T094102,2.78,5561,Auto trade,MSI,ASC,B
20170814T094102,2.78,1410,Auto trade,MSI,ASC,S
20170814T094107,2.79,1,Auto trade,PAS,PAS,B
20170814T094107,2.79,249,Auto trade,PAS,PAS,B
20170814T094124,2.79,3000,Auto trade,SWN,NTF,B
20170814T094200,2.79,300,Auto trade,NON,NON,B
20170814T094204,2.79,2065,Auto trade,NON,NON,B
20170814T094204,2.79,47000,Auto trade,NON,NTF,B
20170814T094204,2.79,25000,Auto trade,NON,NYE,B
20170814T094204,2.79,50000,Auto trade,NON,PAS,B
20170814T094204,2.79,25935,Auto trade,NON,PAS,B
20170814T094204,2.78,5895,Auto trade,MSI,ASC,S
20170814T094204,2.78,1174,Auto trade,MSI,ASC,S
20170814T094204,2.78,10781,Auto trade,NYE,ASC,S
20170814T094205,2.79,3900,Auto trade,MSI,PAS,B
20170814T094205,2.79,20165,Auto trade,NTF,PAS,B
20170814T094205,2.79,7129,Auto trade,NTF,ASC,B
20170814T094205,2.79,10000,Auto trade,NTF,DNM,B
20170814T094207,2.8,1000,Auto trade,PAS,PAS,B
20170814T094208,2.8,250,Auto trade,PAS,PAS,B
20170814T094223,2.79,12706,Auto trade,NTF,INT,S
20170814T094223,2.79,6892,Auto trade,XTX,INT,S
20170814T094223,2.79,17263,Auto trade,MSI,INT,S
20170814T094223,2.79,13139,Auto trade,DNM,INT,S
20170814T094225,2.79,10000,Auto trade,NON,PAS,S
20170814T094225,2.79,1887,Auto trade,DNM,PAS,S
20170814T094225,2.79,1533,Auto trade,DNM,PAS,S
20170814T094225,2.79,2359,Auto trade,DNM,PAS,S
20170814T094225,2.79,1659,Auto trade,NON,PAS,S
20170814T094225,2.79,10000,Auto trade,XTX,PAS,S
20170814T094225,2.79,25000,Auto trade,NYE,PAS,S
20170814T094231,2.79,500,Auto trade,SB1M,PAS,B
20170814T094232,2.79,4000,Auto trade,SKBN,PAS,B
20170814T094239,2.79,30000,Auto trade,NON,PAS,B
20170814T094239,2.78,9935,Auto trade,NYE,ASC,S
20170814T094250,2.79,25,Auto trade,PAS,PAS,B
20170814T094258,2.78,1649,Auto trade,NYE,ASC,S
20170814T094302,2.79,250,Auto trade,PAS,PAS,B
20170814T094409,2.78,4000,Auto trade,DNM,DNM,S
20170814T094409,2.78,1067,Auto trade,DNM,DNM,S
20170814T094409,2.78,14924,Auto trade,DNM,DNM,S
20170814T094409,2.78,1351,Auto trade,DNM,DNM,S
20170814T094409,2.78,2635,Auto trade,NYE,DNM,S
20170814T094409,2.78,10000,Auto trade,XTX,DNM,S
20170814T094409,2.78,10000,Auto trade,NON,DNM,S
20170814T094409,2.78,25000,Auto trade,NYE,DNM,S
20170814T094409,2.78,17400,Auto trade,MSI,DNM,S
20170814T094409,2.78,5247,Auto trade,MSI,DNM,S
20170814T094409,2.78,8376,Auto trade,PAS,DNM,S
20170814T094409,2.78,1962,Auto trade,PAS,ASC,S
20170814T094409,2.78,9662,Auto trade,PAS,ASC,S
20170814T094409,2.78,165,Auto trade,MSI,ASC,S
20170814T094409,2.78,2680,Auto trade,MSI,XTX,S
20170814T094409,2.78,2604,Auto trade,MSI,DNM,S
20170814T094409,2.78,6014,Auto trade,PAS,DNM,S
20170814T094413,2.79,250,Auto trade,PAS,PAS,B
20170814T094429,2.79,13287,Auto trade,NRD,PAS,B
20170814T094429,2.79,10000,Auto trade,NRD,XTX,B
20170814T094429,2.79,5024,Auto trade,NRD,ASC,B
20170814T094429,2.79,25000,Auto trade,NRD,NYE,B
20170814T094429,2.79,16000,Auto trade,NRD,DNM,B
20170814T094429,2.79,10000,Auto trade,NRD,NON,B
20170814T094429,2.79,1535,Auto trade,NRD,ASC,B
20170814T094429,2.79,19154,Auto trade,NRD,NTF,B
20170814T094429,2.78,4759,Auto trade,PAS,ASC,S
20170814T094437,2.78,2350,Auto trade,PAS,AVA,S
20170814T094454,2.79,250,Auto trade,PAS,PAS,B
20170814T094456,2.79,11884,Auto trade,SHB,NTF,B
20170814T094456,2.78,1984,Auto trade,PAS,ASC,S
20170814T094459,2.79,15,Auto trade,PAS,PAS,B
20170814T094505,2.79,15940,Auto trade,MLI,NTF,B
20170814T094505,2.78,2263,Auto trade,PAS,ASC,S
20170814T094507,2.79,800,Auto trade,NTF,NTF,B
20170814T094509,2.79,2222,Auto trade,NON,NTF,B
20170814T094509,2.79,30000,Auto trade,NON,DNM,B
20170814T094509,2.79,2169,Auto trade,NON,ASC,B
20170814T094509,2.79,2287,Auto trade,NON,ASC,B
20170814T094509,2.79,4008,Auto trade,NON,ASC,B
20170814T094509,2.79,25000,Auto trade,NON,NYE,B
20170814T094509,2.79,32858,Auto trade,NON,PAS,B
20170814T094509,2.79,1456,Auto trade,NON,DNM,
20170814T094509,2.79,30000,Auto trade,NTF,DNM,B
20170814T094509,2.79,70000,Auto trade,NTF,DNM,
20170814T094509,2.78,2630,Auto trade,PAS,ASC,S
20170814T094509,2.78,4193,Auto trade,XTX,ASC,S
20170814T094510,2.79,30000,Auto trade,DBL,DNM,B
20170814T094510,2.79,4755,Auto trade,DBL,ASC,B
20170814T094510,2.79,905,Auto trade,DBL,ASC,B
20170814T094510,2.79,2040,Auto trade,DBL,XTX,B
20170814T094510,2.79,2000,Auto trade,NRD,DNM,B
20170814T094512,2.79,25000,Auto trade,NYE,DNM,B
20170814T094518,2.79,3000,Auto trade,SKBN,DNM,B
20170814T094518,2.79,4167,Auto trade,SKBN,ASC,B
20170814T094518,2.79,66,Auto trade,SKBN,XTX,B
20170814T094523,2.79,6877,Auto trade,PAS,PAS,B
20170814T094523,2.79,8979,Auto trade,PAS,XTX,B
20170814T094523,2.79,4198,Auto trade,PAS,ASC,B
20170814T094523,2.79,25000,Auto trade,PAS,NYE,B
20170814T094523,2.79,50000,Auto trade,PAS,DNM,B
20170814T094523,2.79,30000,Auto trade,PAS,DNM,B
20170814T094523,2.79,3430,Auto trade,PAS,ASC,B
20170814T094523,2.79,68544,Auto trade,PAS,DNM,
20170814T094523,2.79,19690,Auto trade,PAS,ASC,S
20170814T094523,2.79,2074,Auto trade,PAS,ASC,S
20170814T094527,2.79,1000,Auto trade,PAS,PAS,S
20170814T094529,2.79,1000,Auto trade,PAS,PAS,S
20170814T094537,2.8,250,Auto trade,PAS,PAS,B
20170814T094538,2.8,3500,Auto trade,NON,NON,B
20170814T094538,2.8,6500,Auto trade,NON,NON,B
20170814T094546,2.8,20000,Auto trade,NON,NON,B
20170814T094548,2.8,50000,Auto trade,SKBN,CAR,B
20170814T094548,2.79,4462,Auto trade,PAS,ASC,S
20170814T094612,2.79,1000,Auto trade,PAS,PAS,S
20170814T094618,2.79,1000,Auto trade,DNM,PAS,S
20170814T094618,2.79,1000,Auto trade,DNM,PAS,S
20170814T094619,2.79,9537,Auto trade,DNM,NTF,S
20170814T094619,2.79,25000,Auto trade,NYE,NTF,S
20170814T094619,2.79,1997,Auto trade,DNM,NTF,S
20170814T094619,2.79,2348,Auto trade,DNM,NTF,S
20170814T094619,2.79,11118,Auto trade,MSI,NTF,S
20170814T094619,2.79,1619,Auto trade,MSI,ASC,S
20170814T094619,2.79,1608,Auto trade,MSI,ASC,S
20170814T094620,2.79,3881,Auto trade,MSI,NON,S
20170814T094620,2.79,1000,Auto trade,AVA,NON,S
20170814T094620,2.79,4200,Auto trade,MSI,NON,S
20170814T094620,2.79,11051,Auto trade,DNM,NON,S
20170814T094620,2.79,11132,Auto trade,DNM,DNM,B
20170814T094620,2.79,12640,Auto trade,DNM,NON,B
20170814T094623,2.78,1000,Auto trade,PAS,PAS,S
20170814T094626,2.79,4100,Auto trade,MSI,NON,B
20170814T094628,2.78,1000,Auto trade,PAS,PAS,S
20170814T094633,2.79,30000,Auto trade,DNM,DNM,B
20170814T094633,2.78,5675,Auto trade,XTX,ASC,S
20170814T094638,2.79,300,Auto trade,NON,NON,B
20170814T094645,2.79,15000,Auto trade,NON,NON,B
20170814T094655,2.78,132,Auto trade,XTX,ASC,S
20170814T094655,2.78,2548,Auto trade,PAS,ASC,S
20170814T094655,2.78,1969,Auto trade,PAS,ASC,S
20170814T094708,2.79,250,Auto trade,PAS,PAS,B
20170814T094811,2.79,4500,Auto trade,NON,NON,B
20170814T094819,2.78,1000,Auto trade,PAS,PAS,S
20170814T094820,2.79,2283,Auto trade,DNM,DNM,B
20170814T094827,2.79,3000,Auto trade,NON,NON,B
20170814T094840,2.78,1000,Auto trade,PAS,PAS,S
20170814T094844,2.79,8583,Auto trade,DNM,DNM,B
20170814T094844,2.78,2548,Auto trade,PAS,ASC,S
20170814T094847,2.78,1954,Auto trade,PAS,ASC,S
20170814T094849,2.79,4000,Auto trade,MSI,NON,B
20170814T094858,2.78,1000,Auto trade,PAS,PAS,S
20170814T094903,2.79,250,Auto trade,PAS,PAS,B
20170814T094908,2.79,8385,Auto trade,DNM,DNM,B
20170814T094910,2.78,1000,Auto trade,PAS,PAS,S
20170814T094916,2.79,10000,Auto trade,SKBN,NON,B
20170814T094916,2.78,4500,Auto trade,NYE,NTF,S
20170814T094916,2.78,2784,Auto trade,NYE,ASC,S
20170814T094922,2.79,50,Auto trade,PAS,PAS,B
20170814T094936,2.78,1000,Auto trade,PAS,PAS,S
20170814T094951,2.78,9683,Auto trade,DNM,DNM,S
20170814T094951,2.78,1850,Auto trade,DNM,DNM,S
20170814T094951,2.78,2471,Auto trade,DNM,DNM,S
20170814T094951,2.78,17716,Auto trade,NYE,DNM,S
20170814T094951,2.78,5300,Auto trade,NON,DNM,S
20170814T094951,2.78,31751,Auto trade,PAS,DNM,S
20170814T094951,2.78,1666,Auto trade,PAS,ASC,S
20170814T094951,2.78,4240,Auto trade,PAS,ASC,S
20170814T095002,2.79,20000,Auto trade,NON,NON,B
20170814T095002,2.78,2108,Auto trade,PAS,ASC,S
20170814T095002,2.79,50,Auto trade,PAS,PAS,B
20170814T095012,2.78,1000,Auto trade,PAS,PAS,S
20170814T095034,2.79,2000,Auto trade,NON,NON,B
20170814T095035,2.79,2000,Auto trade,NON,NON,B
20170814T095047,2.79,5917,Auto trade,PAS,PAS,B
20170814T095047,2.79,1000,Auto trade,PAS,PAS,B
20170814T095047,2.79,1000,Auto trade,PAS,PAS,B
20170814T095047,2.79,2548,Auto trade,PAS,PAS,B
20170814T095047,2.79,1954,Auto trade,PAS,PAS,B
20170814T095047,2.79,1000,Auto trade,PAS,PAS,B
20170814T095047,2.79,2328,Auto trade,PAS,NON,B
20170814T095047,2.79,2042,Auto trade,PAS,ASC,B
20170814T095047,2.79,2559,Auto trade,PAS,ASC,B
20170814T095047,2.79,1597,Auto trade,PAS,ASC,B
20170814T095047,2.79,25000,Auto trade,PAS,NYE,B
20170814T095047,2.79,749,Auto trade,PAS,DNM,B
20170814T095047,2.79,100000,Auto trade,PAS,NTF,B
20170814T095047,2.79,300,Auto trade,PAS,NTF,B
20170814T095047,2.79,1458,Auto trade,PAS,ASC,B
20170814T095047,2.79,6066,Auto trade,PAS,ASC,S
20170814T095048,2.79,500,Auto trade,PAS,AVA,S
20170814T095056,2.8,250,Auto trade,PAS,PAS,B
20170814T095100,2.79,1977,Auto trade,DNM,DNM,S
20170814T095100,2.79,13074,Auto trade,DNM,DNM,S
20170814T095100,2.79,1180,Auto trade,DNM,DNM,S
20170814T095100,2.79,47335,Auto trade,PAS,DNM,S
20170814T095100,2.79,4600,Auto trade,MSI,DNM,S
20170814T095100,2.79,10000,Auto trade,XTX,DNM,S
20170814T095100,2.79,21834,Auto trade,MSI,DNM,S
20170814T095100,2.79,2414,Auto trade,MSI,ASC,S
20170814T095100,2.79,9651,Auto trade,MSI,ASC,S
20170814T095100,2.79,335,Auto trade,MSI,XTX,S
20170814T095103,2.8,15,Auto trade,PAS,PAS,B
20170814T095106,2.8,250,Auto trade,PAS,PAS,B
20170814T095107,2.8,2000,Auto trade,NON,NON,B
20170814T095114,2.79,21300,Auto trade,MSI,NON,S
20170814T095114,2.79,3700,Auto trade,DNM,NON,S
20170814T095114,2.79,2272,Auto trade,DNM,ASC,S
20170814T095129,2.79,5509,Auto trade,MSI,NRD,S
20170814T095129,2.79,1351,Auto trade,DNM,NRD,S
20170814T095130,2.79,40000,Auto trade,JPM,NRD,B
20170814T095130,2.79,6000,Auto trade,JPM,DNM,B
20170814T095130,2.79,1971,Auto trade,XTX,DNM,B
20170814T095130,2.79,2165,Auto trade,XTX,DNM,B
20170814T095137,2.79,1100,Auto trade,SKBN,NRD,B
20170814T095141,2.79,1000,Auto trade,PAS,NRD,B
